5350 6892
560 693 657 732 XL.
702 691 759 732 SI
797 691 1043 732 SERUUS
1082 689 1153 731 IN
1190 688 1457 730 FURTUM

652 741 886 782 FUERIT
913 739 1369 790 INCULPMTUSJ.

611 890 670 939 [1]
715 889 762 930 Si
814 888 917 929 talis
966 887 1097 928 fuerit
1150 899 1287 927 causa
1342 885 1455 926 unde

1508 686 1629 737 [XL]
1681 686 1907 727 XXXVII
1914 686 1977 726 11.

1644 736 1714 778 m
1742 737 2274 828 {gessissem

1506 936 1514 945 ¹
1556 887 1616 936 [1]
1661 885 1710 927 Si
1760 886 1864 927 talis
1914 885 2047 928 fuerit
2100 899 2240 928 causa
2289 887 2406 928 und(-

2578 737 2657 778 FV
2660 737 2744 778 ER
2750 738 2811 778 ΙΤ
2837 737 2906 778 IN
2910 735 3229 778 CVLPATIS.

2507 887 2567 936 [1]
2613 885 2661 928 Si
2712 886 2816 928 talis
2866 885 2997 927 fuerit
3049 898 3188 927 causa
3237 884 3354 925 unde

560 941 774 989 ingenuus
820 950 877 979 nc
920 938 1009 978 din.
1040 937 1117 978 hoc
1158 938 1229 977 est
1268 937 1351 976 sol.
1394 948 1455 976 xv
1504 950 1719 986 ingenuus
1755 948 1814 977 nc
1848 935 1938 976 din.
1975 937 2065 988 qm'
2100 936 2188 977 fac.
2223 937 2307 978 sol.
2342 949 2405 978 xv
2452 937 2669 988 ingenuus
2701 937 2784 977 sol.
2815 947 2876 977 xv
2905 949 3156 986 conponere
3189 934 3350 976 debue-

558 1001 823 1039 ‹·umponere
863 988 1091 1036 debuerat,
1137 999 1291 1027 seruus
1325 999 1378 1026 su
1408 999 1461 1025 er
1504 999 1753 1037 conponere
1803 986 2019 1034 debuerit,
2071 999 2224 1027 seruus
2274 999 2430 1038 super.
2454 995 2537 1035 rat,
2575 1000 2730 1028 seruus
2764 1000 2898 1037 super
2933 998 3160 1026 scamnum
3203 991 3352 1026 tensus

560 1052 739 1079 scamno
782 1045 931 1079 tensus
966 1049 1053 1078 cxx
1088 1037 1227 1078 iectos
1254 1036 1369 1087 flage
1404 1048 1453 1076 0-
1503 1049 1737 1078 scamnum
1754 1036 1893 1078 tinsus
1911 1048 1999 1078 cxx
2016 1035 2167 1078 hictus
2183 1037 2391 1089 accipiat.

556 1102 651 1129 ruin
672 1088 917 1140 [accipiatJ.

609 1335 677 1384 [2]
706 1334 753 1375 Si
798 1347 902 1374 uero
946 1340 1183 1385 antequam
1226 1339 1460 1385 torquatur

556 1384 687 1425 fucrit
722 1383 947 1424 confessus
983 1389 1027 1424 et
1062 1383 1103 1424 ei
1144 1397 1245 1424 cum
1279 1383 1457 1424 domino

559 1449 687 1475 seruo
721 1434 993 1480 conuenerit.
1030 1445 1117 1474 cxx
1147 1433 1237 1474 din.
1267 1433 1341 1486 qui
1371 1433 1455 1474 fac.

558 1485 640 1524 sol.
662 1496 709 1524 ιιι
726 1484 933 1524 dominus
952 1483 1123 1524 reddat.

610 1730 678 1780 [8]
707 1730 754 1771 Si
789 1737 935 1771 tamen
972 1731 1112 1772 maior
1154 1731 1287 1782 culpa
1326 1731 1457 1772 fuerit

560 1781 675 1820 unde
719 1781 761 1820 ‘n
794 1794 931 1821 enuus
975 1792 1099 1821 xxxv
1148 1781 1231 1821 sol.
1276 1782 1458 1822 reddere

559 1830 689 1870 debet
708 1831 721 1878 (
775 1831 818 1870 ic
835 1833 1061 1874 nonnulla
1078 1832 1280 1880 desunt).

609 2029 679 2087 [4]
708 2029 765 2068 Et
785 2027 823 2068 si
841 2027 1069 2087 confessus
1096 2041 1183 2068 non
1210 2027 1355 2077 fuen't,
1382 2028 1458 2088 ille

558 2091 631 2128 qui
668 2091 769 2118 eum
803 2084 979 2128 torquet
1014 2091 1051 2118 si
1087 2078 1232 2118 adhuc
1268 2079 1457 2119 uoluerit

558 2129 569 2166 i
604 2141 655 2168 so
686 2141 816 2168 seruo
855 2134 1075 2178 torquere,
1110 2128 1243 2168 etiam
1280 2129 1458 2168 nolente

556 2178 751 2268 ἀοζτιὲιιο,
778 2177 937 2228 pignus
962 2178 1141 2218 domino
1159 2177 1273 2218 serui
1290 2177 1458 2220 donare

587 2241 611 2266 e.
642 2240 667 2267 e
692 2257 701 2266 .

561 2575 607 2614 Si
626 2586 777 2614 seruus
792 2577 952 2632 postea
965 2573 1023 2614 ad
1036 2574 1261 2625 suppliciis
1280 2575 1456 2616 maiori-

560 2625 641 2664 bus
676 2623 877 2664 subditur
912 2629 957 2664 et
986 2625 1023 2664 si
1055 2624 1281 2666 confessus
1310 2625 1441 2666 suerit

560 2673 666 2714 nihil
710 2673 785 2713 ille
826 2686 959 2723 super
1001 2673 1179 2715 domino
1222 2648 1483 2724 credatur3¹

1556 1335 1625 1386 [Β]
1652 1335 1701 1376 Si
1719 1347 1825 1378 uero
1838 1341 2080 1388 antequam
2097 1341 2343 1388 torquatur,

1506 2626 1542 2666 si
1610 2625 1741 2667 fuerit
1800 2627 2042 2677 confessus,
2106 2627 2214 2668 nihil
2274 2641 2403 2668 stium

1504 2677 1684 2716 domino
1714 2676 1894 2726 credat3
1924 2679 1935 2716 i
1968 2691 2017 2718 se
2048 2690 2153 2717 uero
2180 2678 2223 2717 iii
2254 2685 2402 2729 potes-

560 2724 653 2773 ipse
682 2723 760 2766 illo
794 2736 925 2764 seruo
959 2723 1002 2762 in
1034 2730 1303 2774 potestatem
1330 2725 1454 2765 habi·
1505 2733 1641 2766 tatem
1686 2739 1863 2766 seruum
1918 2728 2045 2768 ilum
2088 2727 2285 2767 abiturus
2329 2729 2403 2778 qui

558 2781 683 2813 turus
713 2773 785 2813 est
812 2771 886 2824 qui
914 2786 1012 2812 eum
1043 2775 1187 2814 torsit.
1240 2775 1455 2815 Dominus
1505 2790 1605 2815 eum
1624 2777 1778 2824 torsit;
1806 2777 2013 2818 dominus
2032 2791 2137 2817 uero
2154 2778 2269 2817 serui
2287 2778 2403 2818 unde

558 2822 673 2862 serui
700 2821 816 2862 unde
842 2823 929 2864 iam
954 2823 1307 2882 pignus-accepit
1325 2837 1453 2876 prae·
1505 2827 1594 2866 iam
1628 2826 1787 2884 pignus
1822 2827 1987 2878 accipit
2018 2827 2168 2878 precio
2200 2839 2283 2878 pro
2321 2841 2401 2868 suo

558 2873 673 2914 cinni
692 2884 771 2923 pro
788 2885 869 2913 suo
887 2885 1015 2914 seruo
1034 2874 1242 2924 accipiat.

556 3218 604 3258 Si
632 3231 738 3258 uero
765 3218 877 3258 inter
899 3218 1046 3270 priora
1074 3218 1293 3278 supplicia
1316 3219 1363 3260 id
1388 3229 1453 3260 est

554 3268 669 3309 infra
703 3280 789 3309 cxx
824 3269 1007 3320 culapus
1041 3268 1172 3310 fuerit
1213 3269 1455 3317 confessus,

555 3324 634 3358 aut
677 3324 895 3359 castretur
936 3325 1013 3359 aut
1054 3333 1132 3360 sex
1164 3321 1248 3361 sol.
1283 3320 1454 3361 reddat.

556 3368 773 3426 Dominus
805 3382 910 3409 uero
941 3369 1055 3409 serui
1087 3370 1284 3420 capitale
1308 3371 1451 3422 requi-

558 3425 667 3458 renti
686 3419 905 3458 restituat.

604 3913 671 3964 [Β]
700 3912 879 4004 51110οἌ0-
902 3913 1071 4005 ωαὶᾳᾶο
1094 3913 1451 4006 criminedseruus

551 3976 834 4072 {2323ssss
858 3969 1022 4054 :232202
1046 3973 1183 4065 »εει
1210 3979 1453 4066 sptbs-2

550 4063 760 4120 indu-art,
796 4069 841 4104 et
884 4064 1000 4104 inter
1040 4065 1259 4124 supplicia
1297 4079 1450 4125 seruus

550 4112 908 4203 igzssiacienr'iffiiiis.
941 4113 1089 4164 fuerit,
1121 4116 1313 4166 capztala
1348 4129 1447 4156 sen-

604 4310 671 4360 [6]
701 4309 749 4351 Si
793 4324 899 4351 nero
942 4311 984 4351 in
1029 4312 1225 4362 quolibet
1268 4313 1449 4354 crimine

550 4373 704 4400 seruus
738 4359 1120 4411 conprehenditur,
1149 4362 1350 4403 dominus
1381 4364 1445 4414 ip-

550 4410 657 4456 sius,
672 4409 709 4449 si
726 4422 935 4460 praesens
954 4413 1035 4459 esi,
1052 4412 1108 4451 ab
1127 4425 1180 4452 eo
1200 4412 1271 4462 qui
1291 4414 1448 4462 repetit

550 4460 699 4510 uirgas
719 4467 899 4509 paratas
922 4461 1085 4500 habere
1110 4462 1240 4501 debet
1260 4475 1373 4512 quae
1391 4463 1449 4503 ad

550 4507 899 4560 magnitudinem
926 4511 1103 4550 minoris
1129 4509 1253 4560 digiti
1272 4513 1448 4552 minime

549 4560 637 4600 sint
655 4564 699 4598 et
718 4560 1032 4610 quoae-quales,
1052 4567 1095 4600 et
1114 4573 1294 4601 scamno
1310 4563 1450 4612 pristo

550 4607 623 4650 ubi
642 4621 773 4648 seruo
792 4609 887 4660 ipso
905 4609 1086 4650 tendere
1103 4610 1277 4652 debeat.

600 4955 671 5044 [7]
697 4954 745 4997 Si
762 4954 965 4996 dominus
989 4956 1105 4997 serui
1122 4955 1341 5006 supplicia
1358 4957 1445 4998 dis-

548 5009 597 5044 tu
616 5004 700 5045 erit
752 5011 796 5046 et
850 5019 1001 5046 seruus
1081 5019 1258 5046 raesens
1304 5005 1448 5056 fuerit,

548 5055 761 5096 continuo
810 5055 987 5096 domino
1038 5057 1117 5096 110
1169 5055 1243 5106 qui
1290 5058 1447 5106 repetit

547 5105 687 5144 solem
707 5105 927 5154 collegere
946 5104 1091 5146 debet.
1140 5105 1199 5145 Et
1217 5105 1276 5147 ad
1292 5106 1446 5146 cadem

546 5160 717 5204 septem
740 5161 893 5195 noctes
917 5155 1129 5204 placitum
1152 5155 1299 5196 facere
1315 5157 1447 5196 debet

548 5209 597 5244 ut
617 5217 829 5292 dseruum
888 5217 1014 5244 suum
1070 5205 1129 5246 ad
1184 5206 1446 5256 supplicium

546 5259 617 5294 tra
648 5259 711 5294 at.

600 5352 669 5402 [8]
698 5352 829 5412 Quod
882 5353 918 5394 si
968 5353 1027 5394 ad
1072 5360 1241 5404 septem
1292 5362 1445 5396 noctes

547 5413 676 5442 seruo
707 5417 802 5453 ipso
837 5403 1011 5443 tradere
1045 5403 1277 5453 distulerit,
1307 5407 1443 5446 solem

547 5451 587 5491 ei
614 5452 688 5503 qui
715 5453 872 5503 repetit
901 5453 1104 5503 colle-eiu
1132 5461 1176 5494 et
1201 5455 1265 5496 sic
1290 5455 1442 5496 iterum

546 5501 605 5542 ad
653 5503 764 5543 alias
816 5510 985 5552 septem
1034 5510 1186 5544 noctes
1263 5505 1442 5546 lacitum

544 5549 681 5591 faciat
700 5551 745 5592 id
762 5559 829 5592 est
855 5553 911 5592 ad
936 5564 1035 5592 xxm
1058 5561 1211 5595 noctes
1261 5569 1285 5596 e
1302 5555 1441 5607 prima

544 5600 845 5642 admonitione
862 5603 1166 5653 conpleantur.

955 6031 1025 6070 ²35

1502 2888 1630 2916 seruo
1644 2875 1850 2926 accipiat.

1870 3222 1987 3282 τίοι-τι
2010 3223 2227 3273 supplicia
2255 3223 2301 3264 id
2332 3225 2403 3264 est

1886 3277 1969 3313 erit
2029 3272 2269 3321 confessus.
2321 3281 2399 3314 aut

1503 3222 1549 3262 Si
1567 3235 1672 3262 uero
1700 3222 1815 3262 intra

1502 3283 1553 3312 cc
1604 3272 1788 3322 colapus

1502 3327 1720 3362 castretur
1736 3327 1814 3362 aut
1832 3333 1917 3362 cxx
1936 3322 2025 3363 din.
2044 3322 2117 3374 qui
2141 3321 2229 3364 fac.
2248 3324 2330 3363 sol.
2351 3335 2399 3364 111

1501 3371 1657 3411 reddat
1677 3385 1688 3418 ς
1730 3371 1936 3412 domninus
1971 3385 2075 3412 uero
2114 3373 2229 3414 serui
2264 3381 2397 3424 caput

1502 3421 1543 3460 in
1565 3421 1665 3462 loco
1682 3422 1885 3463 restituat
1902 3421 2175 3474 requerendi.

1549 3917 1617 3968 [8]
1646 3916 1694 3959 Si
1712 3917 1853 3960 maius
1874 3916 2059 3960 crimine
2080 3931 2233 3960 seruus
2252 3918 2392 3960 incul-

1496 3975 1628 4016 patus
1660 3967 1705 4008 id
1736 3975 1802 4009 est
1835 3968 1951 4010 unde
1986 3969 2201 4019 ingenuus
2232 3977 2395 4011 Μυοῦς

1498 4017 1587 4058 din.
1630 4017 1716 4058 1ιοο
1768 4019 1841 4059 est
1887 4019 1971 4059 sol.
2014 4031 2103 4060 va
2146 4032 2395 4070 conponere

1526 4067 1649 4115 ossit,
1694 4073 1739 4109 et
1782 4068 1899 4108 inter
1936 4069 2125 4119 suplicia
2168 4069 2393 4111 confessus

1543 4117 1640 4166 erit,
1659 4118 1863 4169 capitali
1873 4119 2103 4160 sentencia
2118 4117 2318 4162 feriatur.

1545 4317 1615 4377 [4]
1644 4317 1691 4359 Si
1744 4332 1850 4358 uero
1909 4331 2063 4360 seruus
2122 4319 2169 4360 in
2228 4321 2392 4362 colibet

1495 4381 1675 4408 crimine
1734 4369 1954 4419 culpatur,
2011 4369 2217 4410 dominus
2276 4371 2393 4412 serui

1495 4417 1643 4466 ipsius,
1670 4417 1707 4458 si
1769 4432 1915 4459 resens
1944 4419 2026 4468 est,
2054 4419 2111 4460 ab
2140 4432 2193 4460 eo
2221 4421 2295 4471 qui
2322 4433 2389 4461 re-

1494 4473 1646 4516 quei-et
1684 4481 1713 4508 a
1746 4481 1923 4508 manere
1964 4469 2084 4510 debit
2123 4475 2171 4510 ut
2214 4483 2393 4511 seruum

1496 4529 1621 4556 suum
1642 4516 1781 4558 dibiat
1806 4518 2033 4568 suppliciis
2058 4518 2179 4567 dare,
2198 4519 2271 4559 ubi
2290 4521 2394 4570 quti-

1495 4581 1516 4605 ι-
1572 4567 1653 4607 etit
1706 4573 1750 4607 et
1802 4567 1950 4618 uirgas
2000 4575 2181 4627 paratas
2232 4569 2394 4610 habere

1496 4615 1549 4656 de
1582 4616 1617 4661 it
1651 4630 1738 4667 que
1772 4616 1831 4658 ad
1865 4617 2179 4668 magnitudinis
2214 4619 2393 4660 minoris

1495 4665 1635 4725 digiti,
1656 4672 1700 4706 et
1721 4679 1879 4706 senum
1904 4673 1949 4706 et
1974 4681 2205 4709 scamnum
2228 4671 2393 4720 prestet

1497 4716 1567 4756 ubi
1586 4729 1763 4756 seruum
1781 4716 1962 4758 tendere
1979 4716 2133 4758 dibiat.
2152 4750 2171 4763 .,

1547 4962 1615 5013 [3]
1644 4962 1692 5005 Si
1719 4963 1925 5005 domibus
1953 4977 2132 5006 seruum
2160 4964 2395 5014 distullerit

1496 5019 1539 5052 et
1584 5025 1735 5056 seruus
1778 5027 1957 5064 presens
2000 5015 2129 5056 fuerit
2184 5017 2393 5058 continuo

1497 5062 1569 5102 illc
1582 5063 1657 5122 qui
1677 5064 1865 5123 reppetit
1882 5064 2061 5107 domino
2079 5045 2394 5107 soiecolecare

1494 5111 1628 5161 debit,
1658 5119 1702 5153 et
1734 5127 1797 5154 sic
1824 5114 1869 5154 in
1896 5126 1962 5155 vn
1994 5121 2148 5156 noctes
2178 5116 2390 5166 placitum

1490 5161 1627 5204 facire
1640 5162 1748 5204 dibit
1764 5170 1812 5205 ut
1830 5177 2007 5204 seruum
2022 5177 2153 5206 suum
2166 5166 2392 5217 suppliciis

1492 5219 1539 5251 ut
1558 5212 1720 5253 tradat.

1542 5361 1610 5410 [6]
1639 5361 1769 5412 Quod
1798 5361 1835 5402 si
1866 5361 1925 5403 ad
1956 5373 2020 5404 vu
2052 5363 2195 5404 noctis
2226 5364 2391 5407 tradire

1491 5410 1740 5458 distullerit,
1754 5412 1848 5452 sole
1865 5413 1905 5453 ei
1920 5413 1994 5463 qui
2010 5415 2166 5464 repetit
2181 5414 2388 5456 iteratum

1491 5461 1678 5508 cole-cin
1709 5467 1753 5504 et
1780 5462 1843 5502 sic
1870 5462 1930 5503 ad
1954 5463 2120 5504 alteras
2146 5475 2211 5504 vix
2238 5468 2389 5506 noctes

1488 5510 1702 5560 placitum
1744 5510 1883 5553 faciat
1926 5512 1970 5554 id
2009 5515 2081 5554 est
2120 5513 2163 5554 in
2200 5521 2390 5567 quatuor

1488 5560 1597 5602 dece
1616 5563 1781 5610 noctes,

1900 6031 1974 6079 236

2452 1048 2604 1079 cxxxv
2620 1037 2734 1078 ictos
2751 1036 2960 1088 accipiat.

2504 1333 2572 1394 [Β]
2618 1332 2665 1374 Si
2717 1345 2824 1374 uero
2873 1338 3111 1392 antequam
3153 1337 3354 1375 torcatur

2424 1383 2583 1429 ,suerit
2616 1382 2843 1424 confessus
2877 1390 2922 1424 et
2956 1397 2996 1423 ei
3033 1397 3133 1424 cuin
3174 1383 3352 1424 domino

2423 1438 2428 1503 Ι
2452 1433 2566 1474 serui
2598 1433 2871 1481 conuenerit,
2899 1433 3060 1474 solidos
3089 1434 3208 1484 culp.
3245 1433 3350 1482 iud„

2451 1497 2529 1533 pro
2555 1482 2732 1523 dorsum
2759 1497 2884 1542 suum
2910 1489 3204 1543 conponat-et
3226 1484 3348 1535 capi-

2423 1542 2428 1617 Ι
2451 1533 2587 1573 talem
2606 1532 2808 1574 dominns
2826 1546 2870 1574 in
2888 1533 3034 1574 locum
3051 1539 3270 1575 restituat.

2505 1731 2573 1781 [8]
2601 1731 2649 1772 Si
2685 1736 2832 1772 tamen
2868 1731 3008 1773 maior
3048 1731 3184 1782 culpa
3220 1731 3350 1772 fuerit

2454 1781 2569 1822 unde
2612 1783 2828 1840 ingenuus
2875 1783 2957 1823 sol.
3000 1793 3123 1822 xxxv
3178 1783 3351 1822 soluere

2452 1831 2606 1881 possit,
2634 1832 2834 1873 similiter
2859 1844 3012 1872 seruus
3036 1843 3142 1873 cxxi
3167 1833 3350 1883 colapos

2449 1881 2657 1932 accipiat,

2451 2037 2497 2071 et
2528 2031 2565 2071 si
2600 2030 2828 2072 confessus
2865 2044 2951 2071 non
2985 2030 3130 2079 fuerit,
3167 2031 3242 2072 ille
3276 2031 3350 2082 qui

2452 2094 2551 2121 eum
2580 2081 2743 2122 torcuit
2772 2081 2808 2120 si
2837 2080 2982 2122 adhuc
3002 2081 3219 2122 uolueriti
3253 2095 3348 2122 sum

2450 2143 2625 2170 seruum
2694 2138 2898 2182 torquere
2977 2131 3111 2171 etiam
3173 2145 3230 2172 no
3249 2139 3351 2172 ente

2449 2180 2644 2272 goffiinto,
2688 2180 2847 2232 pignus
2890 2162 3056 2222 domini
3089 2182 3204 2223 serui
3243 2181 3350 2223 dare

2480 2243 2505 2271 e
2562 2243 2591 2270 a
2626 2244 2637 2280 ;

2452 2581 2497 2616 et
2540 2575 2604 2617 sic
2648 2589 2803 2617 seruus
2835 2571 2996 2636 postea
3037 2575 3096 2618 ad
3131 2575 3350 2636 supplicia

2453 2626 2693 2667 maioribus
2717 2626 2917 2668 similiter
2941 2627 3086 2674 datur,
3113 2633 3158 2666 et
3185 2641 3220 2666 si
3241 2640 3345 2667 con-

2452 2676 2592 2716 fessus
2608 2676 2755 2726 fuerit,
2785 2677 2891 2718 nihil
2918 2676 2981 2717 illi
2998 2690 3134 2728 super
3146 2676 3348 2717 dominus

2450 2725 2671 2766 credatur.

2500 2776 2569 2825 [4]
2598 2776 2644 2816 Si
2664 2789 2770 2816 uero
2794 2775 2934 2835 ipsum
2961 2789 3137 2817 seruum
3163 2775 3350 2817 habetur

3370 2612 3375 2695 Ι

3751 519 3874 572 001).
3911 520 3959 572 4.

3513 734 3676 775 FUER
3686 734 3747 774 1‘1'
3775 734 3840 774 IN
3846 733 4189 776 CULPATUS.

3453 883 3512 934 [1]
3557 883 3606 924 Si
3655 883 3759 924 talis
3809 882 3939 924 suerit
3991 895 4128 924 causa
4183 881 4300 923 unde

3402 933 3615 984 ingenuus
3633 934 3716 974 sol.
3734 945 3797 974 xv
3820 939 4119 983 componeret.
4145 945 4299 990 seruus

3400 997 3536 1034 super
3573 997 3798 1024 scamnum
3842 991 3992 1024 tensus
4045 994 4134 1024 cxx
4185 989 4298 1023 ictus

3399 1033 3650 1084 hacci'pae‘at.

3449 1330 3500 1381 [Β
3546 1330 3594 1372 Si
3637 1343 3744 1372 uero
3785 1335 4025 1383 antequam
4068 1334 4298 1384 torquetur

3398 1395 3482 1422 con
3503 1394 3625 1422 essus
3649 1381 3780 1422 fuerit
3797 1387 3842 1422 et
3861 1395 3962 1422 cum
3985 1381 4164 1421 domino
4181 1381 4296 1421 serui

3399 1431 3669 1480 conuenerit,
3697 1443 3784 1472 cxx
3810 1432 3910 1472 den.
3939 1432 4012 1482 qui
4037 1431 4126 1472 fac.
4145 1431 4226 1471 sol.
4247 1442 4296 1470 ιιι

3398 1482 3516 1531 culp.
3551 1495 3631 1532 pro
3665 1481 3842 1523 dorsum
3875 1481 3992 1523 serui
4027 1486 4071 1522 et
4114 1481 4296 1532 capitali

3397 1531 3599 1572 dominus
3616 1532 3790 1573 reddat.

3449 1729 3500 1778 [8
3546 1728 3594 1770 Si
3628 1735 3777 1770 tamen
3821 1728 3963 1769 maior
3999 1728 4133 1779 culpa
4165 1727 4294 1768 fucrit

3397 1779 3484 1819 hun
3519 1793 3544 1819 0
3579 1780 3794 1828 ingenuus
3830 1787 3977 1819 Mcccc
4013 1779 4112 1820 den.
4148 1778 4193 1818 id
4228 1785 4295 1817 est
4317 1775 4322 1830 1
4345 1777 4462 1817 unde
4490 1778 4532 1817 in
4567 1792 4706 1818 enuus
4737 1787 4884 1819 Mcccc
4916 1778 5016 1819 den.
5047 1780 5135 1830 qui
5160 1780 5245 1819 sol.

3370 1855 3373 1866 2
3398 1830 3480 1869 sol.
3517 1841 3640 1870 xxxv
3675 1830 3847 1868 soluere
3889 1836 4054 1880 posset,
4098 1827 4323 1868 similiter.
4345 1839 4467 1868 xxxv
4498 1841 4548 1866 so
4569 1829 4658 1867 ueri
4674 1829 4721 1876 (⁸)
4753 1829 4906 1878 possit.
4934 1829 5138 1870 similiter
5151 1843 5244 1870 ser-

3397 1892 3550 1920 seruus
3578 1890 3693 1920 ccxx
3718 1878 3901 1920 colobos
3930 1890 4034 1920 cccc
4052 1878 4153 1928 (leg.
4173 1878 4292 1918 acci·
4346 1890 4425 1916 uus
4444 1889 4530 1917 cxx
4548 1878 4768 1928 colpos(b)
4785 1878 4991 1928 accipiat.

3369 1871 3375 2195 Ι
3447 2028 3466 2088 2

3392 1929 3520 1979 piat).

3465 2027 3516 2078 4]
3545 2027 3604 2068 Et
3631 2027 3668 2068 si
3697 2026 3924 2068 confessus
3943 2040 4030 2068 non
4049 2027 4194 2076 fuerit,
4221 2026 4297 2067 ille

3395 2091 3470 2128 qui
3510 2091 3610 2118 eum
3644 2077 3822 2128 torquid
3854 2078 3892 2117 si
3927 2077 4072 2118 adhuc
4108 2077 4296 2118 noluerit

3397 2128 3534 2178 ipsum
3555 2141 3732 2167 sei-unm
3750 2135 3968 2178 torquere,
3988 2128 4121 2167 etiam
4141 2128 4292 2168 nolen-

3396 2185 3487 2217 tem
3522 2176 3739 2226 dominus,
3773 2177 3932 2228 pignus
3966 2177 4146 2218 domiuo
4181 2175 4296 2217 serni

3395 2227 3502 2268 dare
3519 2227 3666 2268 debet.

3447 2574 3513 2624 [ὅ]
3533 2574 3591 2615 Et
3608 2574 3673 2615 sic
3691 2587 3844 2615 seruus
3891 2578 4018 2614 ostea
4035 2573 4092 2616 ad
4111 2587 4162 2614 su
4194 2573 4297 2615 licia

3397 2625 3572 2664 maioris
3591 2624 3735 2672 datur,
3748 2633 3792 2665 et
3813 2625 3867 2674 [si
3905 2623 4131 2665 confessus
4169 2625 4294 2672 uerit,

3397 2674 3530 2714 nichil
3565 2675 3640 2714 ille
3679 2688 3815 2724 super
3883 2675 4031 2715 omino
4075 2675 4292 2722 credatur,

3396 2725 3488 2774 ipse
3524 2737 3630 2764 uero
3663 2724 3790 2765 illum
3831 2737 4009 2764 seruum
4041 2724 4294 2764 habiturum

3396 2775 3470 2824 qui
3489 2787 3587 2814 eum
3606 2774 3762 2822 torsit;
3802 2773 4003 2814 dominus
4031 2775 4148 2814 serui
4179 2774 4295 2815 unde

2452 2839 2587 2884 usque
2603 2839 2703 2866 eum
2721 2833 2850 2866 torsit
2877 2825 3078 2868 dominus
3097 2827 3213 2866 serui
3231 2826 3348 2867 unde
3371 2842 3374 2865 ι
3396 2824 3481 2864 iam
3513 2825 3671 2883 pignus
3701 2824 3907 2875 haccepit
3935 2824 4078 2876 pretio
4107 2837 4188 2876 pro
4213 2838 4294 2865 suo

2448 2889 2605 2926 pignus
2622 2877 2794 2927 praetio
2811 2889 2891 2927 pro
2907 2889 3036 2917 seruo
3054 2876 3262 2927 accipiat.
3297 2923 3306 2930 ,

2499 3224 2565 3274 [ὀ]
2594 3223 2641 3265 Si
2678 3237 2784 3265 uero
2814 3225 2928 3266 inter
2954 3225 3101 3276 pn'ora
3131 3224 3347 3284 supplicia

3370 2872 3374 2891 l

3395 2886 3523 2914 seruo
3539 2874 3778 2925 haccipiat.

3444 3221 3512 3271 [8]
3541 3221 3588 3262 Si
3620 3234 3725 3261 uero
3759 3221 3876 3263 intra
3902 3221 4050 3272 pn'ora
4077 3221 4294 3272 supplicia

2449 3273 2491 3314 id
2517 3281 2583 3315 est
2608 3275 2724 3316 intra
2749 3285 2850 3316 cxxi
2876 3276 3058 3326 colapos
3083 3275 3214 3315 fuerit
3238 3288 3342 3315 con·
3367 3274 3372 3315 Ι
3393 3283 3495 3311 cxxi
3538 3271 3720 3312 colobos
3755 3271 3884 3312 fuerit
3929 3271 4168 3319 confessu-5,
4214 3281 4290 3311 aut

2450 3325 2602 3372 fessus,
2647 3330 2725 3364 aut
2768 3331 2990 3366 castratur
3031 3331 3110 3365 aut
3153 3338 3228 3365 sex
3263 3325 3346 3365 sol.
3369 3342 3371 3361 ι
3393 3328 3614 3362 castretur
3644 3329 3721 3362 aut
3753 3333 3836 3362 cxx.
3865 3321 3966 3362 den.
3993 3321 4068 3372 qui
4093 3322 4181 3361 fac.
4209 3322 4291 3361 sol.

2448 3375 2611 3422 soniam
2640 3374 2840 3414 dominus
2860 3388 2964 3415 uero
2983 3375 3097 3416 serui
3111 3375 3344 3427 capitalem
3394 3383 3440 3410 vi
3459 3371 3632 3412 reddat.
3675 3371 3892 3412 Dominus
3911 3385 4016 3412 uero
4034 3371 4150 3412 serui
4167 3372 4288 3423 capi-

2448 3424 2649 3465 restituat
2668 3425 3004 3476 requirentibus.

2495 3920 2564 3970 [0]
2592 3920 2641 3961 Si
2689 3933 2797 3962 uero
2849 3920 2892 3962 in
2943 3921 3112 3962 maiore
3162 3920 3344 3962 crimine

2442 3983 2597 4011 seruus
2615 3971 2866 4030 inculpetur
2883 3971 2998 4012 unde
3022 3971 3238 4022 ingenuus
3256 3983 3344 4012 va

2442 4021 2525 4062 sol.
2570 4021 2815 4071 culpabilis·
2862 4020 3097 4070 iudicetur,
3142 4026 3189 4062 et
3229 4021 3346 4061 inter

2443 4071 2661 4121 supplicia
2706 4070 2932 4112 confessus
2966 4070 3112 4122 fuerit,
3149 4071 3344 4124 capitale

2444 4121 2665 4162 sententia
2681 4119 2879 4162 feriatur.

2492 4317 2565 4376 [7]
2588 4316 2635 4358 Si
2689 4329 2796 4358 uero
2847 4331 3000 4358 seruus
3053 4317 3096 4358 in
3145 4317 3340 4370 qualibet

2442 4380 2623 4408 crimine
2665 4367 2930 4418 inculpetur,
2975 4368 3178 4409 dominus
3225 4369 3339 4409 serui

2441 4417 2590 4468 ipsius,
2634 4417 2671 4458 si
2714 4431 2897 4472 presens
2943 4419 3024 4466 est,
3070 4418 3128 4459 ab
3170 4431 3224 4458 eo
3267 4419 3340 4469 qui

2440 4467 2606 4517 recepit
2648 4467 2887 4508 admonere
2929 4467 3060 4508 debet
3101 4473 3150 4508 ut
3187 4481 3338 4508 sei-uus

2441 4516 2565 4557 iustis
2592 4517 2753 4558 debeat
2781 4517 3004 4568 suppliciis
3031 4517 3153 4565 dare,
3180 4518 3252 4558 ubi
3287 4531 3342 4558 ue

2440 4567 2599 4616 repetit
2612 4573 2657 4607 et
2672 4567 2820 4618 uirgas
2837 4575 3018 4618 paratas
3031 4567 3196 4609 habere
3209 4567 3264 4608 de
3295 4575 3339 4608 et

2440 4630 2539 4667 quae
2570 4617 2629 4657 ad
2658 4616 2972 4667 magnitudinis
3005 4617 3182 4657 minoris
3212 4617 3338 4670 digiti

2440 4673 2555 4714 sunt,
2575 4673 2619 4707 et
2637 4679 2866 4708 scamnum
2883 4673 3087 4718 paratum
3106 4667 3180 4708 ubi
3197 4667 3337 4718 ipsum

2440 4716 2621 4758 tendere
2637 4716 2814 4758 debeat.

2492 4963 2559 5013 [8]
2588 4963 2636 5004 Si
2689 4963 2890 5005 dominus
2951 4963 3068 5004 sei-ui
3123 4963 3339 5014 supplicia

2438 5013 2546 5054 dare
2576 5013 2796 5054 distulerit
2826 5021 2871 5055 et
2902 5015 2940 5054 si
2970 5026 3122 5054 seruus
3156 5027 3337 5067 presens

2440 5063 2583 5111 fuerit,
2635 5064 2846 5104 continuo
2907 5064 3014 5114 ipse.
3081 5063 3127 5104 ui
3179 5064 3336 5114 repetit

2439 5113 2639 5154 dominus
2674 5114 2790 5155 serui
2825 5114 2962 5155 solem
2999 5077 3256 5164 cuicauerit,
3292 5121 3335 5154 et

2438 5163 2481 5202 in
2500 5170 2624 5214 septe
2640 5169 2794 5204 noctes
2810 5164 3028 5215 placitum
3044 5163 3192 5204 facere
3205 5163 3336 5204 debet

2439 5218 2486 5253 ut
2504 5225 2678 5254 seruum
2697 5213 2756 5254 ad
2773 5214 2992 5265 supplicia
3008 5213 3225 5254 tradatur.

2489 5362 2555 5413 [9]
2584 5362 2716 5415 Quod
2741 5363 2779 5404 si
2807 5359 2952 5422 adh-uc
2983 5370 3151 5424 septem
3181 5369 3335 5406 noctes

2437 5419 2609 5453 seruum
2644 5413 2820 5454 tradere
2855 5413 3087 5462 distulerit,
3123 5415 3260 5456 solem
3295 5416 3335 5463 ei

2436 5463 2555 5513 quod
2578 5464 2737 5513 repetit
2761 5463 2920 5504 iterato
2945 5465 3105 5512 culcet,
3125 5471 3170 5504 et
3195 5465 3259 5505 sic
3277 5465 3334 5505 ad

2436 5513 2525 5553 alia
2560 5519 2730 5563 septem
2765 5521 2918 5554 noctes
2983 5514 3164 5554 lacitum
3198 5514 3334 5555 faciat

2436 5562 2479 5602 id
2504 5568 2569 5603 est
2596 5570 2642 5602 ut
2666 5563 2709 5603 in
2732 5569 2942 5623 quattuor
2972 5564 3084 5604 ecim
3107 5570 3261 5604 noctes
3281 5565 3336 5606 de

2434 5612 2575 5663 prima
2592 5612 2912 5654 admonitiones
2931 5613 3204 5665 conpleatur.

2847 6044 2918 6080 237

3393 3421 3482 3462 tale
3498 3422 3701 3462 restituat
3722 3421 3974 3473 requirenti.

3442 3917 3508 3969 [⁵7]
3537 3917 3586 3960 Si
3633 3932 3740 3960 uero
3791 3919 3836 3960 in
3885 3918 4056 3960 maiora
4106 3918 4292 3960 crimina

3391 3981 3543 4009 seruus
3587 3969 3850 4019 inculpatur
3886 3969 4034 4009 hunde
4077 3968 4290 4019 ingenuus

3390 4026 3595 4060 MMDCCC
3619 4018 3719 4059 den.
3737 4019 3812 4070 qui
3836 4018 3922 4060 fac.
3941 4019 4025 4059 sol.
4045 4029 4136 4059 an
4159 4020 4292 4069 culpa

3451 4069 3530 4108 ssit
3558 4069 3769 4118 iudicare,
3796 4069 3912 4109 inter
3940 4069 4154 4120 supplitia
4181 4082 4287 4109 con-

3388 4131 3530 4208 fessus
3597 4119 3743 4168 tuerit,
3810 4119 4004 4170 capitale
4069 4119 4292 4162 sententia

3407 4169 3586 4209 eriatur.

3440 4317 3510 4376 [8]
3537 4317 3584 4358 Si
3633 4329 3739 4358 uero
3790 4329 3944 4357 seruus
3995 4316 4040 4376 in
4091 4316 4288 4376 quolibet

3390 4367 3572 4426 crimina
3594 4417 3604 4428 ·
3626 4368 3670 4407 in
3723 4367 3870 4425 culpa.
3920 4365 4119 4456 domings
4173 4380 4286 4427 serui

3388 4431 3551 4525 frsszts
3570 4431 3613 4508 δὲ
3647 4417 4070 4525 ἇὲξῗῗέῗὲξιζρῗιὲῖ
4109 4430 4286 4525 εὲἳᾳὲἓὶ

3386 4517 3511 4557 iustis
3529 4517 3691 4558 debeat
3707 4516 3935 4567 suppliciis
3955 4515 4077 4564 darc,
4096 4516 4289 4567 hubique

3387 4567 3554 4656 rezedit
3603 4573 3648 4607 et
3695 4567 3844 4617 uirgas
3895 4574 4075 4656 parat-tas
4123 4566 4286 4626 habere

3385 4616 3440 4706 ἓξ
3463 4624 3517 4706 ziz*
3552 4616 4284 4716 sstsfitffltffissuffz'zffsss

3383 4716 3442 4756 liu
3476 4718 3682 4758 iseruum
3700 4716 3882 4758 tendere
3898 4715 4074 4757 debeat.

3417 4964 3502 5022 .[9]
3531 4963 3578 5005 Si
3629 4963 3831 5007 dominus
3891 4968 4007 5008 serui
4058 4981 4140 5020 sup
4172 4968 4284 5009 liciis

3385 5013 3603 5054 distulerit
3632 5022 3678 5056 et
3707 5027 3862 5056 seruus
3894 5030 4103 5067 praesens
4157 5020 4284 5068 uerit,

3384 5063 3593 5104 continuo
3627 5064 3722 5115 ipse
3760 5067 3834 5117 qui
3874 5068 4043 5117 repedit
4084 5068 4284 5110 dominus

3383 5113 3561 5154 domino
3589 5115 3704 5155 serui
3733 5116 3872 5156 solem
3901 5118 4126 5168 collegare
4153 5119 4284 5160 debet

3383 5170 3431 5204 ut
3449 5177 3627 5205 seruum
3645 5165 3704 5206 ad
3721 5166 3938 5218 supplicia
3957 5168 4116 5210 tradet.

3433 5362 3528 5414 [10]
3557 5364 3687 5417 Quod
3709 5365 3744 5406 si
3768 5365 3914 5407 adhuc
3940 5375 4110 5426 septem
4129 5375 4282 5410 noctes

3380 5426 3557 5455 seruum
3591 5414 3768 5474 tradere
3803 5417 4039 5466 distulerit,
4068 5418 4206 5460 solem
4241 5420 4281 5459 ei

3380 5477 3512 5522 quem
3547 5471 3708 5515 repetit
3751 5466 3961 5508 iteratum
4000 5467 4192 5516 collecit‚
4227 5482 4281 5509 eo

3380 5525 3444 5553 Sic
3479 5519 3639 5554 iterum
3675 5514 3733 5555 ad
3767 5516 3877 5556 alias
3921 5524 4092 5567 septem
4127 5525 4281 5558 noctes

3379 5563 3594 5613 placitum
3616 5564 3750 5606 faciat
3773 5565 3818 5606 id
3840 5572 3906 5607 est
3928 5567 4280 5617 quattuordecim

3379 5619 3533 5654 noctes
3573 5613 3629 5656 de
3661 5615 3804 5666 prima
3837 5616 4138 5658 admonitione
4171 5631 4276 5659 con-

3377 5664 3596 5714 pleantur.

3791 6035 3864 6082 238

2048 686 2102 728 sl
2157 687 2405 729 SERUUS
2480 687 2579 729 XL.
2631 686 2688 728 SI
2729 685 2970 728 SERVVS
3009 686 3078 727 IN
3122 685 3330 726 FVRTV
3403 683 3501 725 XL.
3555 683 3610 724 SI
3647 683 3894 724 SERUUS
3929 683 3998 724 IN
4033 682 4300 724 FURTUM
4348 681 4507 730 XL.(·)
4534 681 4590 721 SI
4609 681 4857 722 SERUUS
4884 681 4952 721 IN
4981 681 5244 722 FURTUM

4602 517 4767 572 com).
4805 519 4834 572 6
4871 517 4912 570 ὣ
4949 519 4995 573 5.
5264 523 5272 618 Ι

5265 635 5272 656 .-

4459 731 4696 772 FUERIT
4721 731 5137 773 INCULPATUS.

4399 879 4441 930 [1
4500 879 4548 920 Si
4591 881 4695 932 quis
4737 893 4890 921 seruus
4933 879 4978 920 in
5019 879 5182 920 furtum
5196 856 5272 927 (1»)Ι

4347 880 4600 980 ἰιιοιι1ραειιε
4637 931 4674 970 si
4707 929 4812 970 talis
4847 943 4984 970 causa
5019 932 5092 970 es!
5132 931 5245 970 unde

4347 981 4561 1030 ingenuus
4579 981 4661 1020 sol.
4679 991 4742 1020 xv
4765 993 5015 1030 conponere
5039 979 5168 1020 debet
5183 983 5244 1028 (τ),

4347 1043 4502 1070 seruus
4535 1043 4680 1088 super·
4701 1042 4935 1070 scamnum
4950 1031 5002 1078 (⁴)
5038 1035 5186 1070 tentus
5199 1036 5244 1080 (ἡ

4347 1091 4434 1120 cxx
4453 1081 4566 1120 ictus
4585 1080 4795 1130 accipiat.

4387 1138 4430 1178 (⁵)
4453 1139 4498 1173 ln
4529 1139 4612 1172 Cod.
4638 1147 4657 1180 5
4683 1139 4763 1171 elenze
4790 1139 4872 1171 Cha
4897 1141 4956 1170 ter
4983 1140 5018 1170 is
5043 1139 5207 1171 number
5223 1141 5251 1170 d

4347 1183 4434 1216 xm.
4449 1179 4510 1212 eiu
4525 1183 4612 1211 next
4628 1183 4695 1212 xi..
4754 1178 4799 1218 θ’)
4820 1189 4846 1234 ⁶,
4907 1189 4924 1239 ¹:
4945 1178 5064 1212 tuerit.
5122 1179 5163 1220 (Ἴ
5185 1180 5246 1212 tle-
5268 1188 5272 1243 Ι

4347 1218 4475 1253 buerit.
4519 1219 4564 1260 (ὖ)
4586 1229 4772 1254 escmno.
4817 1220 4829 1258 l
4847 1220 4858 1259 )
4879 1224 5014 1253 tensus.
5267 1252 5272 1307 ἰ

4397 1327 4466 1386 [8]
4494 1326 4542 1368 Si
4557 1341 4662 1369 uero
4677 1335 4918 1380 antequam
4935 1333 5245 1380 torqueam-(⁸)
5267 1310 5272 1381 i

4346 1377 4476 1418 fuerit
4512 1379 4738 1418 consessus
4773 1385 4818 1419 et
4853 1380 4894 1419 ei
4929 1393 5032 1420 cum
5069 1381 5272 1420 domino:

4346 1441 4425 1466 suo
4446 1429 4717 1476 conuenerit.
4731 1441 4817 1470 cxx
4836 1429 4936 1471 den.
4955 1429 5141 1480 quisae.
5161 1432 5244 1472 sol.

4347 1489 4394 1517 ιιι
4429 1491 4510 1527 pro
4546 1479 4724 1519 dorsum
4760 1493 4892 1519 suum
4925 1479 5163 1538 reddat(¹’),
5201 1470 5272 1520 et¹

4346 1529 4548 1577 capitale
4589 1528 4792 1572 dominus
4845 1530 4963 1570 serui
5005 1543 5049 1570 in
5093 1531 5273 1579 locum,

4345 1579 4564 1618 restituat.
5267 1586 5273 1637 Ι
5346 1599 5347 1608 ’

4383 1635 4428 1676 (⁸)
4451 1643 4651 1679 torquatur.
4697 1636 4742 1678 (δ)
4764 1637 4943 1677 (redimat.
4959 1641 5070 1680 corr.)
5085 1639 5161 1673 dat.

4395 1727 4464 1776 [3]
4511 1727 4557 1768 Si
4601 1734 4748 1770 tamen
4791 1729 4895 1769 talis
4939 1729 5072 1780 culpa
5115 1676 5274 1775 fueriti

4385 1935 4428 1976 (Ἴ
4449 1937 4601 1972 soluere.
4645 1936 4690 1977 (b)
4711 1939 4847 1978 colpus,

5267 1910 5273 1977 ῑ

5268 1994 5273 2003 .

5235 2060 5245 2076 ‚
5267 2014 5273 2101 Ι

5223 2093 5246 2118 ‘³
5267 2104 5272 2135 :

4397 2026 4466 2077 [4]
4511 2027 4570 2068 Et
4613 2027 4650 2067 si
4689 2026 4915 2068 confessus
4965 2041 5054 2068 non
5097 2027 5228 2069 fuerit

4347 2076 4482 2125 illc(·)
4511 2077 4704 2128 quicum
4723 2077 5004 2128 toi-quiturO‘)
5037 2078 5072 2118 si
5098 2079 5216 2118 adhu

4347 2127 4534 2166 uoluerit
4597 2126 4742 2176 ipsum
4805 2140 4982 2167 seruum
5033 2129 5245 2186 torqueri,

4345 2175 4478 2216 ctiam
4530 2176 4708 2216 nolente
4738 2177 4786 2226 (υ)
4839 2177 5031 2226 domino,
5083 2191 5246 2228 pignus

4345 2225 4508 2265 domini
4527 2227 4643 2266 serui
4662 2226 4828 2267 donare
4847 2227 4993 2267 debet.

4385 2283 4428 2325 (²)
4450 2284 4506 2318 illi.
4551 2283 4597 2325 (Β)
4617 2289 4818 2327 torquetur.
4861 2284 4904 2326 (²)
4925 2285 5122 2318 nolentem.

5268 2342 5274 2413 ἓ

5269 2430 5273 2475 Ι

5268 2552 5272 2585 ι

4392 2573 4462 2633 [6]
4491 2573 4550 2614 Et
4575 2573 4611 2614 si
4626 2575 4674 2622 (⁸)
4701 2587 4854 2616 seruus
4911 2581 5036 2615 ostea
5062 2575 5121 2615 ad
5140 2589 5244 2626 sup·
5267 2592 5272 2601 ·

4342 2625 4486 2674 pliciis
4511 2623 4755 2666 maioribus
4779 2626 4860 2665 sub
4922 2632 4992 2665 tur
5016 2633 5060 2665 et
5079 2626 5116 2664 si
5136 2639 5243 2664 con·
5267 2666 5272 2677 ‚

4344 2675 4483 2714 fessus
4515 2673 4658 2721 fuerit,
4689 2675 4794 2714 nihil
4830 2675 4868 2714 ei
4905 2688 5040 2725 super
5065 2675 5271 2716 domino!

4344 2724 4564 2765 credatur.
4619 2724 4721 2774 Ipse
4749 2737 4854 2764 uero
4883 2725 4957 2774 qui
4985 2738 5087 2764 eum
5117 2727 5244 2764 torsit

4343 2775 4466 2815 illum
4498 2787 4675 2814 seruum
4703 2775 4745 2814 in
4769 2780 5042 2832 potestatem
5056 2777 5123 2822 (b),
5161 2775 5242 2814 do·
5267 2776 5271 2812 ἶ

4342 2825 4484 2864 minus
4502 2823 4616 2863 serui
4636 2823 4752 2863 unde
4769 2837 4858 2864 iam
4877 2825 5032 2874 pignus
5051 2825 5244 2874 accipiat

4342 2874 4594 2932 pretiumff)
4619 2887 4699 2924 pro
4715 2874 4811 2925 ipso
4823 2875 4876 2924 (ἅ)
4903 2887 5031 2914 seruo
5044 2877 5092 2924 (⁸)
5121 2876 5240 2915 acci-
5265 2898 5270 2909 ·

4342 2930 4453 2975 piat.

4356 2981 4993 3065 ⁴‹aiipssiic'onib'5pof'5522eli‘222tm‘
5049 2983 5090 3024 (Ἴ
5110 2962 5272 3026 Ριιιιὶο.Ι

4491 3047 4500 3062 .
4579 3049 4588 3056 -
4828 3049 4838 3057 .
4935 3049 4942 3058 .
5267 3062 5270 3091 Ι

4393 3222 4461 3274 [8]
4491 3223 4536 3264 Si
4557 3237 4662 3264 uero
4675 3224 4724 3272 (ἢ
4751 3237 4888 3274 super
4905 3224 5049 3274 priore
5063 3226 5115 3274 (b)
5135 3239 5239 3275 sup—

4340 3274 4476 3324 plicia
4505 3274 4550 3314 id
4577 3281 4644 3314 est
4673 3283 4761 3314 cxx
4791 3276 4943 3325 colpos
4973 3275 5104 3315 fuerit
5133 3289 5239 3315 con·

4341 3323 4494 3371 fossus,
4525 3330 4602 3363 aut
4638 3332 4858 3364 castretur
4889 3333 4966 3365 aut
5001 3336 5110 3365 ccxi.
5139 3326 5240 3366 den.

4339 3375 4427 3423 qui
4440 3373 4528 3414 fac.
4547 3374 4624 3413 sol.
4641 3385 4686 3413 vi
4707 3374 4886 3423 reddat3
4915 3375 5114 3415 dominus
5137 3389 5240 3415 uero

4340 3424 4454 3462 serui
4499 3424 4691 3482 capitale
4715 3426 4762 3473 (⁰)
4806 3425 4850 3465 in
4892 3425 4994 3465 loco
5036 3426 5240 3466 restituat
5265 3435 5268 3455 ¹

4339 3473 4574 3523 requirenti
4585 3475 4648 3521 (ι’).
5263 3508 5269 3541 3

4379 3531 4423 3580 (Ἴ
4442 3532 4546 3564 add:
4568 3541 4685 3578 seruo.
4707 3573 4715 3580 -
4739 3531 4783 3574 (ὃ)
4805 3532 4935 3574 priora.
4981 3533 5021 3572 (')
5043 3533 5239 3576 capitalem
5265 3546 5268 3567 ι

4339 3577 4506 3606 resumat
4519 3577 4727 3614 requirenti.

4391 3919 4457 3970 [7]
4485 3919 4533 3962 Si
4574 3933 4680 3962 uero
4719 3921 4762 3962 in
4801 3921 4970 3962 maiore
5009 3920 5238 3970 cn'menst)

4339 3981 4491 4011 seruus
4547 3969 4800 4021 inculpatur
4853 3972 4970 4012 unde
5023 3972 5239 4022 ingenuus

4339 4027 4386 4060 M
4393 4031 4501 4060 occe
4527 4020 4626 4061 den.
4653 4021 4848 4071 quisae.
4873 4022 4956 4061 sol.
4984 4033 5072 4062 va
5096 4023 5238 4071 possit

4341 4069 4536 4110 iudicare
4593 4071 4742 4121 culpa.
4795 4079 4838 4111 et
4891 4085 4974 4122 per
5019 4073 5240 4121 supplicia

4339 4120 4578 4167 confessus.
4616 4121 4856 4172 capitalem
4877 4122 4928 4171 (Β)
4967 4123 5238 4162 sententiam

4336 4169 4598 4219 feriatur-(¹³).
4803 4205 4808 4210 .

4379 4227 4422 4270 Γ)
4443 4229 4604 4262 crimine.
4641 4228 4687 4269 (b)
4707 4229 4863 4271 capitale
4873 4229 5053 4264 sententia
5065 4229 5235 4265 feteam.

4388 4317 4456 4376 [8]
4485 4317 4532 4358 Si
4585 4331 4692 4358 uero
4743 4331 4896 4359 seruus
4944 4318 4988 4360 in
5040 4320 5238 4370 quolibet

4337 4381 4501 4408 crimen
4528 4368 4809 4419 culpatur(·),
4836 4369 5101 4418 dominusib)
5131 4383 5239 4410 uero

4335 4418 4451 4458 serui
4476 4419 4626 4468 ipsius,
4645 4418 4682 4458 si
4706 4432 4886 4468 presens
4912 4426 4994 4467 est,
5013 4420 5070 4460 ab
5089 4431 5141 4459 00
5161 4421 5238 4470 qui

4335 4467 4492 4517 repetit
4536 4468 4774 4508 admonere
4808 4469 4939 4509 debet
4977 4477 5023 4510 ut
5059 4483 5238 4510 sei-uum

4335 4531 4462 4557 suum
4506 4517 4601 4558 istis
4617 4519 4666 4567 (ἓ)
4703 4519 4929 4568 suppliciis
4947 4521 4996 4567 (θ)
5031 4519 5152 4567 dare,
5190 4526 5237 4560 et

4365 4569 4408 4608 ui
4451 4568 4610 4618 repetit
4657 4569 4806 4618 uirgas
4849 4579 5029 4619 paratas
5073 4570 5239 4610 habert-

4333 4581 4464 4657 gebet
4483 4619 4556 4668 qui
4575 4618 4632 4659 ad
4651 4619 4966 4668 magnitudinis
4991 4620 5170 4660 minoris
5184 4623 5237 4668 (ά)

4332 4667 4376 4707 di
4411 4667 4458 4707 'ti
4485 4674 4604 4716 sunt,
4631 4675 4676 4708 et
4706 4682 4938 4710 scamnum
4953 4671 5000 4720 (¹¹)
5027 4652 5264 4720 paratum}

4331 4717 4389 4757 ha
4419 4730 4494 4757 ere
4511 4717 4660 4759 debet.

4371 4775 4415 4816 (Ἴ
4429 4775 4652 4831 ⁸'int-:umatum
4710 4775 4755 4817 (δ)
4775 4776 4946 4826 dominus
4961 4779 4996 4810 is
5009 4778 5182 4826 nfcqted
5194 4779 5238 4810 in

4331 4817 4372 4897 (⁶0⁶)
4394 4815 4735 4892 eggaixsstfflebeat
4750 4817 4945 4860 subplicns.
4999 4819 5044 4860 (⁸¹)
5065 4828 5233 4851 minores.

4385 4966 4452 5017 [9]
4481 4965 4529 5008 Si
4581 4966 4784 5011 dominus
4840 4967 4956 5008 serui
5007 4981 5087 5018 sup
5119 4966 5262 5008 liciis'

4333 5016 4550 5057 distulerit
4581 5023 4626 5057 et
4658 5031 4809 5057 seruus
4844 5031 5052 5068 praesens
5106 5018 5232 5064 uerit,
5257 5005 5261 5043 ¹

4331 5066 4541 5107 continuo
4581 5067 4674 5117 ipse
4717 5067 4791 5117 qui
4835 5068 4993 5118 repetit
5031 5067 5234 5108 dominus

4333 5117 4446 5156 serui
4479 5117 4617 5156 solem
4647 5117 4883 5166 colecit(·),
4914 5124 4957 5157 et
4989 5117 5031 5156 in
5063 5123 5166 5157 octo
5180 5088 5261 5164 (bii

4332 5173 4486 5206 noctes
4537 5167 4748 5216 placitum
4801 5167 4950 5209 faeere
5001 5167 5131 5208 debet
5185 5175 5235 5206 ut

4332 5229 4508 5256 seruum
4527 5217 4586 5257 ad
4603 5217 4828 5267 suppliciis
4846 5217 5010 5257 tradat.

4371 5274 4416 5316 (Ἴ
4437 5275 4594 5317 collegit.
4638 5275 4683 5315 (b)
4703 5280 4861 5317 septem.

4332 5365 4464 5416 Quod
4498 5365 4535 5406 si
4578 5365 4722 5406 adhuc
4767 5379 4859 5406 scm
4891 5370 4978 5406 tem
4993 5366 5041 5414 (ο)
5075 5371 5232 5406 noctes

4331 5429 4507 5456 seruum
4541 5416 4716 5456 tradere
4751 5415 4867 5456 distu
4887 5417 4983 5464 crit,
5013 5417 5154 5456 solem
5191 5416 5260 5455 ei·

4329 5466 4418 5516 qui
4434 5466 4592 5515 repetit
4621 5467 4729 5515 et(‘¹)
4751 5474 4902 5505 eracto
4917 5467 4968 5514 (ἃ)
4992 5466 5168 5506 collicet
5183 5467 5232 5514 (³)
5254 5494 5258 5535 Ι

4328 5522 4371 5555 et
4391 5515 4454 5555 sic
4474 5515 4630 5555 iterum
4651 5516 4840 5565 usquess]
4859 5516 4918 5556 ad
4932 5517 5043 5556 alias
5062 5524 5233 5565 septa-m

4329 5571 4482 5604 noctes
4517 5565 4732 5615 placitum
4775 5565 4912 5606 faciat
4949 5566 4993 5606 id
5028 5573 5094 5605 est
5130 5578 5231 5606 xnn

4329 5622 4480 5654 noctes
4542 5613 4598 5654 de
4657 5615 4800 5664 prima
4859 5615 5230 5664 admonitioneotl

4329 5664 4590 5714 conpleatur
4601 5665 4669 5712 (κ).
5253 5690 5258 5725 3

4368 5723 4408 5763 (Ἴ
4430 5728 4502 5756 vn.
4541 5722 4586 5764 (⁴)
4607 5724 4746 5757 iterato.
4783 5723 4825 5762 (')
4845 5724 5001 5766 collegit.
5039 5724 5080 5764 (1)
5099 5734 5229 5767 usque.

4327 5773 4397 5799 om.
4413 5771 4446 5806 5.
4489 5763 4531 5804 (¹)
4551 5763 4839 5798 admonitionem
4855 5767 5115 5808 compleantur.

4740 6047 4813 6084 ²39
