5350 6892
1075 783 1200 838 COD.
1238 783 1285 837 1.

796 948 1000 992 LXXIII
1023 948 1083 999 I].
1136 949 1219 990 DE
1253 947 1563 989 HOMINEM

855 999 1004 1042 INTE
1081 998 1249 1040 DUAS
1278 997 1505 1039 UILLAS

1030 1048 1333 1091 OCCISUM.

730 1167 856 1210 Sicut
898 1165 1073 1209 adsolet
1114 1167 1245 1208 homo
1288 1166 1409 1208 iuxta
1452 1165 1561 1206 uilla
1602 1171 1681 1206 aut

681 1217 797 1259 inter
825 1218 935 1258 duas
972 1218 1103 1258 uillas
1136 1217 1357 1268 proximas
1392 1215 1491 1274 sibi·
1510 1215 1679 1256 uicinas

680 1267 811 1308 fuerit
840 1267 1111 1317 interfectus,
1142 1275 1189 1308 ut
1224 1266 1447 1307 homicida
1480 1266 1557 1306 illa
1592 1279 1679 1324 nqn

679 1323 909 1368 appareat,
928 1317 993 1358 sic
1011 1317 1142 1358 debet
1170 1316 1299 1357 iudex
1343 1317 1421 1357 hoc
1446 1317 1517 1355 est
1542 1328 1679 1356 comis

680 1373 759 1408 aut
784 1366 939 1418 grafio,
962 1366 1026 1408 ad
1051 1368 1153 1407 loco
1170 1347 1385 1408 accedere
1402 1371 1446 1406 et
1464 1365 1678 1424 ibi-cornu

678 1430 839 1458 sonare
880 1417 1027 1458 debet.
1081 1415 1139 1456 Et
1182 1417 1219 1456 si
1262 1430 1348 1456 non
1394 1422 1563 1473 uenerit
1605 1429 1680 1466 qui

678 1480 839 1518 corpus
864 1473 1122 1518 cognoscat,
1149 1472 1256 1507 tunc
1273 1465 1407 1506 uicini
1424 1465 1487 1505 illi
1506 1465 1549 1505 in
1568 1479 1678 1516 quo-

678 1531 775 1558 rum
802 1531 961 1567 campo
988 1517 1058 1556 uel
1085 1516 1247 1557 exitum
1274 1529 1434 1566 corpus
1453 1515 1679 1556 inuentum

678 1569 761 1616 est,
780 1566 911 1608 debet
929 1566 1075 1607 facere
1091 1566 1230 1617 bargo
1248 1577 1295 1607 v.
1309 1565 1443 1616 pedes
1461 1565 1505 1605 in
1524 1566 1678 1614 altum,

678 1623 722 1658 et
752 1617 1004 1667 praesentia
1029 1614 1186 1656 iudicis
1216 1616 1366 1656 leuare
1392 1628 1567 1666 corpus.
1620 1615 1695 1670 Et,

678 1666 809 1708 debet
844 1666 973 1707 iudex
1008 1665 1211 1706 nuntiare
1243 1671 1289 1707 et
1324 1665 1502 1706 dicere:
1545 1665 1678 1705 bomo

675 1716 761 1757 iste
786 1716 830 1757 in
858 1723 1005 1757 uestro
1034 1729 1143 1765 agro
1169 1715 1239 1756 uel
1258 1715 1301 1756 in
1321 1715 1585 1755 uestibulum
1610 1717 1681 1755 est

676 1766 866 1807 occisus.
930 1765 1169 1806 Contestor
1220 1771 1269 1806 ut
1320 1779 1371 1805 us
1404 1777 1459 1804 ue
1508 1770 1676 1814 septem

676 1821 831 1858 noctes
856 1828 945 1856 non
971 1823 1223 1866 reponatur,
1250 1820 1294 1855 et
1320 1814 1377 1855 de
1424 1814 1675 1855 omicidium

675 1865 797 1906 istud
822 1879 903 1907 uos
933 1865 1129 1906 admallo
1159 1871 1207 1905 ut
1236 1865 1279 1904 in
1311 1865 1448 1905 mallo
1477 1863 1677 1914 proximo

675 1915 878 1964 ueniatis,
910 1921 955 1956 et
986 1915 1111 1956 uobis
1140 1914 1198 1956 de
1226 1915 1327 1966 lege
1354 1914 1531 1956 dicatur
1555 1914 1675 1966 quod

674 1966 912 2009 obseruare
928 1964 1143 2006 debeatis.

670 2213 798 2255 Tunc
818 2213 951 2254 uicini
970 2213 1033 2254 illi
1052 2213 1209 2265 quibus
1235 2213 1462 2255 nuntiatur
1480 2227 1507 2254 a
1526 2213 1671 2254 iudice

670 2269 777 2305 ante
804 2275 862 2304 xi.
892 2271 1061 2314 noctes,
1092 2264 1167 2315 qui
1198 2263 1401 2305 meliores
1434 2271 1537 2304 sunt
1568 2277 1669 2305 cum

669 2327 775 2354 sexa
808 2313 903 2354 'nos
943 2314 1099 2365 quinos
1139 2326 1188 2353 se
1226 2319 1389 2354 exuant
1431 2313 1549 2364 quod
1588 2327 1670 2354 nec

668 2363 767 2404 occi
800 2363 936 2403 issent
979 2377 1060 2404 nec
1104 2363 1247 2404 sciant
1281 2363 1355 2414 qui
1387 2363 1668 2404 occidissent.

669 2412 912 2454 Minoflidis
927 2413 975 2462 (¹)
1000 2426 1107 2454 uero
1124 2413 1281 2464 quinos
1298 2413 1425 2454 diuos
1453 2414 1669 2454 iuratores

668 2463 849 2504 donent.
902 2463 989 2515 Qui
1018 2469 1065 2504 ut
1092 2476 1143 2504 su
1176 2463 1292 2504 erius
1316 2463 1518 2512 diximus,
1537 2463 1583 2504 id
1600 2469 1668 2504 est

699 2512 743 2553 ui
761 2512 921 2553 iurant.
974 2512 1021 2553 Si
1047 2513 1133 2553 istu
1190 2519 1295 2553 ante
1320 2525 1377 2554 xi.
1404 2519 1556 2554 noctes
1578 2527 1666 2554 non

685 2563 851 2604 ecerint
870 2562 949 2603 sed
966 2575 1156 2613 persona
1172 2562 1332 2604 mortui
1350 2563 1623 2605 satisfacere.

706 2619 750 2663 (Ἴ
771 2621 827 2656 Cf.
846 2622 945 2657 Pnct.
964 2621 1079 2656 Alam.
1098 2625 1141 2656 ii.
1159 2632 1208 2664 37·
1228 2627 1290 2656 111.
1306 2629 1357 2664 ²⁵-

666 2762 713 2802 Si
738 2774 845 2803 uero
868 2762 1015 2803 iurant
1039 2761 1159 2813 quod
1184 2775 1235 2802 su
1266 2761 1383 2804 erius
1409 2761 1595 2803 diximus
1620 2766 1666 2804 et

665 2825 838 2863 semper
861 2818 1187 2854 sacramentum
1212 2813 1227 2852 i
1260 2812 1522 2864 oniauerint,
1541 2813 1665 2855 nulla

665 2862 912 2914 conpositio
930 2862 993 2904 eis
1012 2862 1279 2914 requiratur.

686 3261 999 3313 Lxx1111[1].
1050 3261 1135 3304 DE
1163 3260 1634 3312 PIGNORIBUS(·).

709 3379 757 3420 Si
785 3379 883 3430 quis
913 3377 1156 3420 debitorem
1184 3392 1313 3420 suum
1340 3393 1421 3430 per
1447 3379 1656 3430 ignoran-

658 3429 765 3470 tiam
793 3430 888 3469 sine
916 3430 1061 3470 iudice
1090 3430 1133 3480 pi
1198 3430 1391 3471 orauerit
1420 3435 1658 3480 antequam

658 3493 757 3520 euin
786 3480 899 3520 nesti
928 3479 1090 3520 cantbe
1122 3493 1145 3520 c
1180 3479 1284 3529 igio,
1313 3479 1391 3520 hoc
1420 3481 1492 3520 est
1520 3493 1654 3520 accu-

658 3535 799 3578 sante,
827 3536 871 3570 et
903 3529 1099 3570 debitum
1130 3529 1302 3580 perdat.
1330 3535 1375 3570 et
1400 3529 1591 3578 insuper,
1620 3530 1657 3569 si

657 3579 775 3620 maie
802 3579 1119 3630 pignerauerit,
1152 3592 1252 3618 cum
1283 3579 1383 3630 lege
1417 3591 1501 3619 con
1534 3585 1655 3628 onat,

656 3629 734 3718 hoci-
767 3629 1069 3719 estdcapz'tale
1105 3628 1279 3679 reddat,
1315 3635 1360 3670 et
1394 3629 1489 3669 soli
1592 3640 1657 3670 xv

658 3692 711 3719 cu
732 3692 775 3729 p.
796 3691 839 3718 iu
876 3709 887 3719 .

656 3736 1040 3826 Elff‘ni‘ehkgsslgss‘}
1052 3736 1656 3826 ³1.†¹·L?.{3³15'.³{{;23122220²1¹›25¹·s;35

655 3827 675 3850 ι
722 3827 785 3858 273
808 3818 852 3851 L.
870 3817 995 3859 Wisig.
1014 3823 1052 3851 ν.
1069 3819 1114 3858 6;
1136 3817 1190 3852 In.
1208 3828 1253 3860 93
1276 3818 1407 3857 Waitz,
1424 3821 1507 3860 ¹⁸03
1528 3819 1652 3856 solim.

728 3867 759 3892 c.
778 3868 809 3900 3.
824 3865 855 3898 4,
872 3867 923 3900 3¹.
940 3867 1011 3900 125,
1026 3859 1094 3892 1⁶8.

781 4193 1034 4285 Lxxvffl.
1102 4195 1189 4236 DE
1232 4194 1525 4236 MULIERE

866 4245 946 4286 CE
1000 4245 1430 4345 Piffi-“Afffifm'

703 4420 764 4471 [1]
793 4420 841 4461 Si
857 4421 955 4472 quis
974 4435 1083 4462 exea
1113 4421 1320 4470 illauerit,
1339 4425 1387 4462 ut
1406 4421 1445 4462 ei
1464 4420 1649 4464 abonnis

652 4471 709 4512 ad
728 4478 848 4511 terra
864 4471 1013 4520 cadat,
1032 4485 1081 4512 so
1104 4502 1114 4512 .
1133 4483 1193 4512 xv
1212 4472 1330 4522 culp.
1350 4471 1440 4512 iud.

692 4528 736 4572 ζ’)
756 4529 813 4564 Ct'.
832 4530 877 4564 1..
895 4530 949 4564 ΛΙ.
970 4531 1095 4564 moth.
1112 4533 1153 4572 58
1166 4539 1181 4570 3
1200 4531 1275 4572 BaJ.
1292 4533 1335 4571 ες
1356 4530 1477 4565 Gund.
1495 4540 1546 4572 33.
1560 4541 1611 4572 92.

703 4619 773 4708 [Β]
801 4619 849 4661 8ἰ
892 4633 998 4661 uero
1040 4621 1179 4661 uitam
1222 4629 1347 4662 suam
1382 4620 1563 4662 soluerit
1600 4626 1648 4661 ut

650 4681 704 4759 ξε
722 4670 875 4770 ,2¹:1le
890 4671 1138 4761 ἱῗιῗριιῐειῐῃ
1168 4683 1295 4711 suam
1326 4677 1527 4722 tangant,
1556 4683 1647 4712 xxx

701 4867 771 4918 [8]
798 4866 846 4910 Si
864 4881 1017 4908 seruus
1042 4867 1267 4909 mulierem
1293 4867 1527 4918 ingenuam
1544 4881 1643 4918 per-

648 4917 833 4958 cusserit
864 4924 942 4958 aut
975 4918 1323 4968 excapillauerit‚
1355 4924 1433 4959 aut
1468 4931 1645 4959 manum

645 4967 805 5020 perdat
822 4974 900 5010 aut
918 4968 1083 5008 solidos
1100 4980 1131 5009 v
1150 4967 1321 5008 reddat.

700 5066 769 5126 [4]
790 5067 839 5116 (⁸)
882 5066 932 5108 Si
983 5066 1080 5118 quis
1131 5065 1358 5107 mulierem
1411 5066 1645 5117 ingenuam

646 5123 925 5167 pugnantem
956 5117 1000 5156 in
1032 5123 1187 5158 uentre
1217 5125 1295 5158 aut
1326 5117 1369 5157 in
1401 5118 1516 5157 renis
1545 5131 1643 5168 per-

647 5167 833 5207 cusserit
862 5179 1011 5218 pugno
1044 5173 1122 5207 aut
1150 5166 1334 5214 calcem,
1365 5173 1409 5207 et
1441 5166 1481 5206 ei
1512 5180 1647 5217 pecus

646 5229 735 5256 non
752 5217 970 5264 excudat,
990 5223 1035 5256 et
1054 5217 1132 5257 illa
1153 5223 1334 5267 propter
1355 5217 1440 5257 hoc
1458 5223 1649 5266 grauata

647 5265 939 5357 spirit-qfflui
974 5279 1113 5317 usque
1146 5266 1205 5307 ad
1240 5274 1441 5316 mortem,
1477 5277 1529 5308 cc
1562 5267 1645 5308 sol.

646 5329 700 5356 cu
721 5329 765 5366 p.
784 5330 827 5357 iu
864 5345 875 5356 .

685 5372 729 5414 (Ἴ
750 5374 851 5408 With
866 5375 930 5408 the
945 5373 1129 5417 following
1144 5376 1182 5414 ss
1200 5373 1248 5409 cf.
1266 5375 1311 5410 L.
1328 5374 1399 5409 Sal.
1418 5382 1469 5414 24.

696 5462 764 5513 [δ]
792 5463 841 5504 Si
873 5463 970 5523 quis
1002 5476 1108 5504 uero
1143 5476 1280 5514 pecus
1315 5469 1535 5504 moi-tuum
1568 5475 1643 5504 ex-

645 5514 846 5604 cusserit,
877 5519 923 5554 et
954 5527 1051 5565 ipsa
1085 5514 1292 5563 euaserit,
1321 5525 1379 5556 Dc
1410 5513 1495 5554 sol.
1526 5514 1644 5566 culp.

645 5577 689 5602 lu
722 5593 737 5604 ο

696 5660 765 5711 [8]
811 5659 857 5701 Si
906 5673 1013 5702 uero
1061 5660 1159 5711 ipsa
1206 5660 1363 5704 mulier
1407 5667 1645 5712 propterea

644 5716 820 5751 mortua
836 5710 981 5760 fuerit,
1002 5723 1137 5752 ncccc
1155 5712 1238 5752 sol.
1257 5712 1375 5763 culp.
1394 5711 1485 5752 iud.

715 5809 763 5858 7]
792 5809 838 5850 Si
857 5822 963 5849 uero
984 5808 1155 5850 mulieri
1180 5807 1253 5860 qui
1278 5815 1455 5850 mortua
1478 5815 1545 5850 est
1563 5823 1644 5861 pro

644 5873 671 5899 a
691 5872 794 5909 iqua
830 5872 966 5899 causa
1000 5860 1043 5899 in
1081 5859 1262 5900 uerbum
1276 5861 1323 5910 (⁸)
1358 5860 1474 5910 regis
1508 5860 1643 5901 missa

644 5911 726 5956 est,
746 5917 842 5949 Mcc
860 5909 942 5948 sol.
962 5909 1079 5959 culp.
1100 5909 1191 5950 iud.

686 5966 1075 6010 (accusatas.

697 6057 767 6108 [8]
796 6057 843 6098 Si
872 6071 978 6098 uero
1010 6057 1152 6098 infans
1213 6058 1335 6099 uella
1361 6059 1435 6099 es}
1461 6059 1536 6111 qui
1566 6073 1641 6102 ex-

646 6113 837 6158 cutetur,
855 6115 1047 6150 MMcccc
1063 6109 1157 6150 soli
1204 6122 1227 6151 s
1244 6115 1477 6161 conponat.

2424 621 2637 664 TITULI
2691 620 3151 664 LXXIV—LXXVI.

2161 782 2285 837 GOD.
2322 783 2369 837 2.

1868 946 2041 989 Lxxv
2066 947 2124 998 1]-
2175 947 2261 988 DE
2304 947 2625 990 HOMINEM

1925 997 2119 1038 1NT·i<
2150 998 2319 1038 DUAS
2345 998 2571 1040 viLLAs

2095 1047 2397 1090 OCCISUM.

1793 1161 1919 1206 Sicut
1962 1164 2135 1207 adsolet
2168 1165 2302 1207 homo
2336 1165 2459 1206 iuxta
2484 1165 2639 1206 strada
2668 1171 2748 1208 aut

1744 1212 1861 1254 inter
1890 1214 2002 1256 duas
2038 1216 2169 1256 uillas
2199 1215 2419 1266 proximas
2450 1216 2547 1256 siue
2576 1216 2746 1257 uicinas

1744 1264 1874 1304 tuerit
1927 1265 2200 1314 interfectus,
2267 1272 2314 1306 ut
2365 1265 2591 1307 humicida
2660 1279 2746 1306 non

1743 1321 1943 1364 apat-eat,
1976 1316 2052 1355 sic·
2070 1315 2190 1356 debit
2218 1315 2363 1364 iudex,
2394 1315 2480 1356 hoc
2508 1318 2580 1356 est
2606 1315 2746 1357 comis

1742 1370 1821 1404 aut
1864 1363 2018 1414 grafio,
2062 1365 2121 1406 ad
2155 1366 2303 1406 locum
2339 1365 2566 1424 accedere,
2606 1371 2651 1406 et
2687 1366 2746 1406 ibi

1743 1426 1903 1454 cornus
1921 1428 2105 1462 sonare:
2132 1423 2177 1455 et
2196 1416 2232 1455 si
2252 1415 2409 1455 ninerit
2422 1416 2471 1463 (¹)
2490 1429 2565 1474 qui
2583 1428 2745 1474 corpus

1743 1465 1974 1514 cog-nuscit
1992 1465 2141 1514 occisi,
2162 1465 2226 1505 sic
2242 1464 2498 1515 parentibus
2518 1479 2560 1505 in
2580 1465 2746 1506 noticia

1741 1521 1948 1563 ponatur.
2014 1515 2060 1554 Si
2104 1528 2209 1554 uero
2221 1516 2270 1564 (⁸)
2322 1529 2407 1555 uon
2459 1514 2617 1555 uinerit
2669 1515 2744 1566 qni

1744 1575 1918 1614 corpus,
1951 1569 2057 1605 tunc
2088 1564 2222 1605 uicini
2250 1565 2313 1605 illi
2340 1565 2383 1604 in
2411 1578 2565 1606 corum
2583 1578 2746 1615 campo

1744 1612 1813 1653 uel
1840 1614 2006 1654 exitum
2033 1627 2193 1665 corpus
2218 1615 2445 1655 inuentum
2468 1616 2551 1664 est,
2582 1614 2745 1656 debent

1742 1661 1888 1703 facere
1912 1663 2101 1722 bargum
2131 1676 2160 1705 v
2187 1664 2311 1754 pedis
2334 1665 2375 1704 in
2402 1665 2558 1713 altum,
2578 1671 2623 1704 et
2671 1678 2740 1704 re-

1741 1713 1885 1753 sentia
1914 1713 2071 1754 iudicis
2100 1714 2158 1755 ibi
2204 1728 2337 1755 enare
2363 1727 2537 1765 corpus,
2558 1721 2603 1755 et
2652 1714 2742 1755 ebit

1740 1761 1871 1803 iudex
1900 1764 2117 1804 nunciare
2146 1771 2191 1804 et
2220 1764 2394 1804 dicere:
2422 1765 2554 1805 homo
2584 1764 2669 1804 iste
2697 1764 2740 1805 iu

1740 1818 1888 1852 uestro
1913 1826 2023 1863 agro
2050 1814 2122 1854 uel
2149 1814 2191 1854 iu
2219 1814 2437 1864 uestipolo
2454 1817 2525 1854 est
2540 1814 2740 1864 occisns;

1738 1867 1965 1902 contestor
1999 1869 2046 1903 ut
2089 1876 2228 1914 usque
2269 1864 2313 1904 in
2356 1875 2421 1905 vii
2464 1865 2617 1904 noctes
2654 1877 2741 1904 non

1737 1919 1990 2002 refonatur,
2026 1918 2069 1954 et
2106 1913 2161 1954 de
2189 1913 2473 1955 bumicidium
2507 1921 2623 1954 stum
2659 1927 2740 1954 uos

1738 1973 1765 2001 a
1813 1963 1997 2003 mallum
2024 1969 2073 2002 ut
2100 1963 2142 2003 iii
2161 1965 2297 2004 mallo
2314 1965 2509 2014 proximo
2534 1963 2738 2012 ueniatis,

1735 2018 1780 2100 {t
1791 2011 1939 2102 huobis
1966 2012 2022 2053 de
2052 2011 2151 2064 lege
2178 2013 2353 2054 dicatur
2378 2013 2477 2066 quis
2502 2013 2740 2055 obseruare

1766 2074 1791 2100 e
1822 2067 1938 2102 iatis.

1774 2118 1819 2160 (⁸)
1840 2119 2059 2159 uim-uero,
2074 2120 2158 2154 does
2171 2124 2237 2154 noe
2246 2131 2359 2154 occur
2368 2123 2413 2155 in
2430 2121 2537 2156 Codd.
2556 2131 2573 2154 1
2587 2121 2673 2154 and
2685 2130 2733 2156 n.

1923 2209 1933 2220 ι
1966 2208 1977 2218 e
2012 2209 2023 2220 o
2058 2209 2068 2218 ι

1734 2207 1861 2248 Tunc
1892 2222 2025 2250 uicini
2057 2209 2121 2251 illi
2184 2209 2311 2251 uibus
2341 2211 2598 2260 nunciatur,
2629 2217 2738 2252 ante

1733 2269 1791 2298 xi.
1816 2259 1975 2308 noctis,
2003 2259 2077 2310 qui
2106 2273 2177 2300 me
2195 2260 2309 2300 iores
2337 2267 2447 2301 sunt
2473 2273 2577 2301 cum
2604 2274 2730 2302 sexa-

1733 2308 1862 2357 ginus
1898 2309 2056 2359 quinus
2096 2309 2301 2350 iuratoris
2336 2324 2385 2351 ne
2418 2317 2581 2352 exuant
2616 2310 2736 2362 quod

1734 2370 1816 2398 nec
1859 2359 2140 2400 occississent
2183 2373 2265 2400 nec
2308 2360 2453 2402 sciant
2490 2361 2564 2412 qui
2608 2361 2730 2402 occi-

1733 2407 1895 2457 sisset;
1942 2409 2059 2449 mino
2099 2409 2213 2453 ssidis
2253 2423 2359 2450 uero
2400 2410 2533 2451 uicini
2572 2411 2732 2462 quinus

1733 2456 1871 2498 denus
1912 2457 2116 2499 iuratoris
2156 2459 2321 2500 donent
2360 2460 2535 2511 singuli,
2572 2461 2647 2511 qui
2687 2461 2732 2501 id

1732 2508 1931 2558 superius
1958 2508 2161 2558 diximus,
2187 2509 2234 2550 id
2257 2515 2325 2550 est
2351 2511 2473 2561 quod
2492 2510 2663 2558 iuraut;
2693 2511 2733 2551 si

1730 2557 1833 2598 stud
1871 2558 1937 2617 sic
1976 2565 2081 2599 ante
2118 2570 2175 2599 xi.
2214 2562 2367 2600 noctes
2404 2573 2491 2600 non
2532 2559 2730 2620 ficerent,

1730 2614 1933 2648 uoueriiit
1965 2621 2013 2648 se
2072 2621 2279 2650 ersonam
2304 2610 2467 2651 mortui
2492 2610 2732 2662 requirenti

1730 2657 1901 2709 legibus
1918 2658 2027 2699 satis
2075 2658 2189 2708 cireg

1728 2756 1765 2797 si
1791 2770 1897 2798 uero
1922 2757 2065 2798 iurent
2090 2756 2211 2809 quod
2234 2771 2285 2798 su
2318 2758 2434 2799 erius
2459 2758 2667 2809 diximus,
2683 2765 2732 2800 et

1727 2819 1776 2847 se
1810 2821 1893 2859 per
1922 2813 2201 2850 sacramento
2300 2809 2569 2860 eniauerint,
2604 2810 2730 2852 nulla

1726 2857 1789 2897 eis
1808 2858 2064 2908 composicio
2081 2859 2402 2909 requei-atate).

1766 2915 1811 2958 Γ)
1832 2917 1912 2951 For
1925 2917 1991 2952 cti.
2008 2919 2051 2960 ⁷⁶
2061 2917 2129 2959 [η]
2143 2927 2199 2952 see
2214 2918 2281 2951 Cla.
2299 2919 2349 2960 76.

1724 3255 2035 3307 Lxximm.
2086 3247 2171 3299 DE
2216 3256 2723 3300 PIGNORACIONE.

1774 3373 1821 3416 Si
1856 3376 1961 3426 quaii-
1994 3375 2237 3417 debitorem
2271 3389 2402 3417 suum
2433 3377 2724 3428 pignoraticia

1720 3424 1817 3466 sine
1843 3425 1988 3466 iudice
2012 3427 2247 3477 pignorare
2272 3427 2573 3478 presumserit,
2592 3435 2720 3468 ante-

1722 3488 1856 3525 quam
1883 3489 1985 3517 eum
2012 3475 2263 3526 uestigante
2287 3477 2424 3526 hig-io,
2448 3483 2493 3518 et
2521 3477 2721 3518 debitum

1720 3525 1892 3574 perdat,
1920 3533 1965 3566 et
1994 3526 2174 3576 insuper
2194 3527 2408 3575 similiter,
2434 3527 2470 3567 si
2498 3529 2615 3569 male
2640 3527 2718 3568 de·

1720 3575 2035 3625 pignorauerit,
2072 3589 2175 3616 cum
2217 3577 2317 3626 lege
2359 3585 2599 3626 conponat,
2635 3577 2720 3618 hoc

1720 3627 1791 3664 est
1836 3625 2076 3676 capitalem
2124 3625 2296 3676 reddat,
2342 3633 2387 3668 et
2432 3626 2615 3678 insuper
2656 3639 2720 3668 xv

1719 3675 1883 3715 solidos
1900 3677 2020 3726 culp.
2039 3675 2181 3724 iud.(·)

1757 3733 1802 3777 (⁸)
1823 3735 1903 3769 For
1915 3735 1982 3769 Cle.
2000 3743 2040 3777 75
2054 3735 2121 3778 [7⁶]
2134 3744 2191 3770 see
2206 3735 2273 3770 ck.
2290 3743 2341 3778 74.

1804 4190 2000 4233 LXXVI
2024 4192 2083 4242 11.
2151 4191 2237 4248 DE
2282 4191 2635 4234 MULIEREM

1907 4242 1989 4284 0¹³
2049 4242 2528 4334 fflffiffleffl·

1765 4418 1825 4468 [1]
1867 4417 1913 4459 Si
1953 4411 2059 4470 ’ψιίε
2095 4418 2323 4460 mulierem
2362 4421 2712 4472 excapillauerit,

1714 4467 1837 4571 ἓζιὲἱ
1852 4468 2053 4560 iggbonis
2096 4469 2155 4510 ad
2190 4476 2311 4510 terra
2347 4469 2496 4520 eadat,
2532 4472 2615 4512 sol.
2650 4483 2715 4515 xv

1764 4617 1833 4667 [Β]
1861 4616 1908 4658 Si
1928 4631 2033 4658 uero
2058 4617 2171 4659 uitta
2194 4631 2276 4659 sua
2302 4618 2477 4660 soluerit
2496 4625 2543 4660 ut
2562 4619 2714 4670 capilli

1714 4667 1771 4707 ad
1798 4668 1986 4719 scapula
2012 4681 2095 4708 sua
2124 4675 2327 4720 tangant,
2356 4680 2451 4710 xxx
2476 4670 2560 4711 sol.
2592 4671 2711 4722 culp.

1712 4717 1803 4758 iud.

1761 4865 1830 4915 [8]
1860 4864 1907 4905 Si
1925 4877 2077 4905 seruus
2102 4864 2327 4906 mulierem
2352 4865 2590 4918 ingenuam
2608 4881 2708 4918 per-

1710 4915 1897 4956 cusserit
1930 4921 2009 4955 aut
2040 4915 2389 4966 excapillauerit,
2419 4925 2497 4957 aut
2528 4931 2710 4959 manum

1710 4977 1838 5006 suam
1858 4964 2055 5006 redemat
2073 4971 2151 5006 aut
2170 4967 2335 5006 solidos
2352 4978 2383 5007 v
2400 4966 2574 5008 reddat.

1763 5063 1833 5114 [4]
1861 5064 1908 5105 Si
1934 5064 2040 5116 quis
2067 5064 2294 5124 mulierem
2334 5065 2569 5124 ingenuam
2604 5079 2707 5118 pre-

1712 5121 1923 5164 gnantem
1935 5115 1977 5154 in
1992 5121 2145 5159 uentre
2158 5121 2235 5155 aut
2256 5129 2299 5156 iii
2318 5129 2433 5156 renis
2444 5117 2710 5168 percusserit

1710 5176 1909 5214 pugnum
1954 5171 2031 5204 aut
2076 5165 2259 5212 calcem,
2296 5171 2340 5205 et
2375 5165 2415 5205 ei
2449 5179 2586 5216 pecus
2622 5180 2708 5206 non

1710 5215 1930 5262 excuciat,
1966 5219 2010 5254 et
2054 5213 2131 5254 illa
2172 5228 2202 5265 p
2284 5220 2355 5255 ter
2391 5215 2476 5256 hoc
2519 5222 2712 5266 grauata

1710 5263 2001 5364 fuijt'qgaei
2036 5277 2175 5316 usque
2206 5228 2281 5306 zi,
2301 5271 2501 5316 mortem,
2538 5277 2590 5307 cc
2624 5266 2708 5308 soi.

1710 5327 1765 5353 cu
1819 5343 1831 5354 .
1848 5327 1892 5354 iu
1930 5343 1940 5354 .

1762 5462 1828 5512 [δ]
1857 5461 1904 5504 Si
1935 5462 2041 5514 quaii-
2069 5475 2177 5504 uero
2210 5476 2346 5514 pecus
2377 5469 2599 5505 mortuum
2630 5477 2705 5505 ex-

1710 5513 1911 5602 cugserit,
1940 5521 1985 5554 et
2021 5513 2118 5564 ipsa
2151 5514 2358 5564 euaserit,
2388 5525 2446 5556 Dc
2475 5514 2559 5556 sol.
2587 5513 2707 5567 culp.

1710 5575 1753 5602 iu
1789 5592 1800 5602 .

1761 5660 1830 5710 [Θ]
1874 5659 1925 5702 Si
1975 5673 2081 5701 uero
2132 5660 2230 5711 ipsa
2280 5661 2437 5702 mulier
2486 5663 2710 5715 pmpteria

1709 5717 1885 5751 mortua
1900 5710 2044 5760 fuerit,
2064 5721 2201 5752 Dcccc
2217 5711 2300 5753 sol.
2318 5713 2438 5763 culp.
2458 5711 2549 5753 iud.

1757 5811 1825 5870 [⁹7]
1854 5811 1901 5852 Si
1928 5825 2034 5852 uero
2058 5811 2217 5852 mulier
2239 5811 2314 5862 qui
2340 5819 2513 5853 mortua
2538 5813 2610 5854 esi
2629 5825 2710 5864 pro

1708 5862 1857 5912 aliqua
1892 5875 2029 5902 causa
2060 5862 2103 5902 in
2137 5862 2273 5903 uerbo
2304 5863 2419 5914 regis
2453 5863 2589 5905 missa
2622 5864 2708 5914 est,

1708 5919 1803 5952 Mcc
1820 5911 1903 5952 sol.
1921 5910 2039 5962 culp.
2057 5910 2149 5953 iud.

1761 6059 1829 6109 [8]
1858 6057 1907 6101 Si
1936 6071 2043 6100 uero
2074 6058 2217 6101 infans
2246 6059 2397 6110 puella
2426 6061 2499 6102 est
2525 6061 2599 6113 qui
2629 6073 2705 6102 ex·

1709 6110 1888 6161 cutitur,
1906 6117 2054 6152 Mcccc
2070 6111 2153 6151 sol.
2172 6111 2292 6162 culp.
2311 6110 2403 6153 iud.

3206 785 3331 840 GOD.
3370 785 3447 839 10.

4262 789 4386 844 GOD.
4428 792 4504 844 11.

3878 950 4084 993 Lxxm
4113 952 4366 1042 ffxxvn.
4417 953 4503 995 DE
4554 954 4882 1008 nomisma,

3956 1003 4598 1103 namisias&
4616 1005 4799 1106 3358

4254 1103 4500 1145 occiso,
4577 1085 4590 1104 ’
4719 1085 4729 1096 ⁸

3929 1170 3990 1221 [1]
4018 1171 4176 1221 Si(cut,
4197 1174 4328 1222 corr.)
4354 1173 4450 1224 quis
4481 1173 4726 1215 adsallitur
4745 1173 4880 1218 homo

3875 1220 3998 1262 iuxta
4017 1222 4126 1262 uilla
4143 1228 4220 1262 aut
4239 1223 4357 1264 inter
4369 1223 4480 1264 duas
4506 1225 4636 1265 uillas
4659 1225 4878 1275 prvximas

3875 1271 3958 1312 sibi
3978 1272 4146 1312 uicinas
4165 1271 4294 1312 fuerit
4312 1281 4356 1313 et
4375 1273 4434 1314 ibi
4453 1275 4581 1323 (erat,
4599 1275 4730 1323 corr.)
4749 1275 4879 1317 fuerit

3875 1320 4008 1361 homo
4019 1320 4298 1371 interfectus,
4309 1329 4352 1363 et
4364 1324 4376 1371 (
4387 1324 4508 1371 -dia,
4517 1326 4648 1372 cor-r.)
4657 1324 4877 1367 homicida

3875 1369 3953 1411 illa
3967 1385 4050 1411 non
4065 1373 4335 1422 apparuerit,
4350 1373 4415 1414 sic
4427 1373 4558 1414 debet
4568 1373 4715 1424 iudex,
4730 1381 4778 1416 ut
4791 1375 4876 1416 hoc

3874 1423 3946 1460 est
3955 1421 4092 1462 comis
4105 1427 4182 1462 aut
4195 1421 4349 1472 grafio,
4363 1423 4420 1463 ad
4435 1424 4580 1464 locum
4599 1425 4816 1466 accedere
4831 1431 4877 1467 et

3872 1469 3933 1510 ibi
3951 1483 4110 1511 coruos
4127 1485 4287 1513 sonare
4303 1473 4457 1522 debet;
4485 1479 4530 1513 et
4548 1475 4585 1514 si
4603 1487 4689 1514 non
4709 1477 4878 1516 uenerit

3873 1520 3948 1580 qui
3979 1534 4140 1572 corpus
4171 1529 4402 1573 agnoscat,
4439 1529 4544 1564 tunc
4574 1524 4709 1565 uicini
4737 1525 4802 1566 illi
4831 1525 4876 1567 in

3873 1582 3999 1610 cuius
4043 1584 4248 1621 campum
4291 1573 4360 1612 uel
4403 1573 4566 1614 exitum
4609 1587 4772 1626 corpus
4807 1575 4874 1616 in-

3873 1626 4031 1660 uentus
4066 1623 4149 1669 est,
4193 1621 4325 1662 debet
4358 1622 4508 1663 facere
4539 1623 4676 1664 barco
4712 1624 4876 1684 quinos

3929 1669 4007 1710 des
4043 1670 4086 1710 in
4119 1671 4276 1720 altum,
4313 1678 4358 1712 et
4386 1672 4430 1712 in
4457 1674 4688 1732 presentia
4719 1673 4876 1717 iudicis

3869 1733 4023 1810 §.wag
4035 1733 4216 1811 fmz’
4234 1721 4586 1813 §iodiffiiffi‘ss‘
4595 1724 4814 1824 ἒέτῗὶἒὲΐ
4829 1729 4875 1815 ῗὲ

3872 1820 4139 1861 uestibulum
4175 1821 4348 1879 occisus
4383 1823 4479 1870 esu
4524 1829 4752 1882 contestor
4791 1837 4875 1884 uos

3869 1881 4048 1960 3333?
4061 1876 4392 1962 12:²53&AE
4414 1873 4875 1980 33222202222¹2¹30¹¹²222

3869 1969 3913 2010 in
3932 1970 4068 2011 mallo
4085 1971 4281 2021 proximo
4303 1971 4507 2020 ueniatis,
4533 1977 4578 2012 et
4605 1986 4685 2013 uos
4703 1972 4759 2014 de
4775 1974 4876 2024 leg-e

3869 2019 4089 2110 ἓιέεέιὲῗξὲτ,
4119 2022 4249 2070 corr.)
4279 2020 4465 2062 dicatur
4491 2022 4610 2074 quod
4638 2023 4876 2065 obseruare

3897 2218 3988 2309 AB]
4016 2220 4144 2260 Tunc
4175 2218 4308 2261 uicini
4340 2219 4406 2261 illi
4436 2220 4600 2272 quibus
4629 2221 4874 2262 nunciatur

3867 2281 3896 2309 a
3950 2269 4142 2310 iudicem
4167 2275 4272 2310 ante
4294 2282 4352 2310 xi.
4375 2271 4534 2319 noctis,
4553 2285 4642 2324 qne
4665 2271 4868 2312 meliores

3867 2325 3968 2358 sunt
3987 2333 4089 2360 cum
4115 2333 4332 2360 sexannos
4360 2321 4456 2369 (sic)
4475 2321 4632 2371 quinos
4658 2326 4867 2363 excusent

3867 2368 3984 2428 quod
4003 2383 4085 2410 nec
4104 2369 4363 2410 occisissent
4385 2383 4466 2411 nec
4491 2371 4634 2411 sciant
4653 2371 4728 2421 qui
4745 2371 4866 2411 occi·

3865 2424 4026 2459 sissent
4047 2431 4057 2467 3
4111 2433 4218 2459 uero
4261 2420 4418 2471 quinos
4467 2420 4606 2460 denos
4652 2421 4868 2465 iuratores

3866 2467 4031 2509 donent
4057 2468 4174 2520 quod
4200 2474 4248 2509 ut
4275 2483 4326 2509 su
4359 2469 4475 2510 erius
4502 2469 4704 2518 diximus,
4729 2470 4774 2511 id
4799 2471 4871 2512 est

3865 2518 3939 2608 ?ui
3957 2525 4145 2569 querant
4163 2518 4201 2559 si
4226 2519 4310 2559 istu
4367 2525 4475 2573 ante
4499 2523 4584 2568 ι(·)
4611 2519 4753 2560 noctis
4776 2533 4866 2562 non

3881 2569 4056 2608 eceri'nt
4074 2568 4154 2609 sed
4171 2582 4362 2619 persona
4379 2571 4538 2610 mortui
4559 2569 4832 2611 satisfacere.

3861 2627 4266 2704 αἱἼΜῚ-ξὶκῠὶξεέωζῖἴ
4289 2629 4326 2662 ἃ
4353 2630 4389 2661 fs
4407 2629 4542 2662 visible
4561 2629 4681 2670 besor!
4696 2629 4759 2664 the
4772 2633 4800 2662 1.
4819 2629 4863 2669 in

3912 2766 3982 2817 [8]
4011 2767 4059 2808 Si
4085 2780 4191 2809 uero
4216 2767 4364 2808 iurant
4386 2767 4502 2819 quod
4526 2768 4728 2859 ἕξει-ῶς
4751 2766 4862 2809 dixi-

3862 2829 3957 2858 mus
3976 2823 4020 2860 et
4039 2831 4133 2858 rem
4159 2824 4485 2858 sacramentum
4510 2819 4523 2867 (
4600 2824 4862 2867 umauerint,

3860 2867 3988 2926 cor-r.)
4023 2867 4357 2918 aedomauerint,
4393 2869 4520 2910 nulla
4557 2868 4864 2920 conpositione

3859 2923 4122 2970 requiratur.

3858 3258 4089 3302 Lxxnn
4107 3259 4523 3352 [Lxxlxifflhspss
4549 3261 4854 3305 PIGNATO-

3907 3375 3956 3418 Si
3984 3377 4089 3428 qurlr
4115 3377 4359 3419 debitorem
4387 3390 4514 3418 suum
4541 3391 4625 3428 per
4645 3378 4853 3430 ignoran-

3855 3425 3964 3467 tiam
4007 3427 4102 3468 sine
4145 3427 4310 3476 (iudici,
4343 3428 4475 3476 corr.)
4511 3428 4655 3470 iudice
4697 3430 4853 3481 pigno-

3855 3476 4020 3517 rauerit
4045 3483 4122 3518 ant
4181 3491 4286 3518 uam
4309 3490 4413 3518 eum
4430 3481 4706 3532 (nesucante,
4724 3480 4856 3530 corr.)

3855 3526 4104 3581 nesticante
4137 3541 4162 3568 c
4196 3527 4299 3578 igio,
4328 3527 4414 3568 hoc
4449 3530 4520 3568 est
4551 3535 4780 3576 acusante,
4808 3535 4854 3570 et

3853 3575 4050 3617 debitum
4069 3583 4322 3628 componat,
4340 3577 4425 3618 hoc
4442 3579 4514 3619 est
4533 3578 4682 3630 capud
4697 3578 4855 3623 reddat

3853 3631 3898 3668 et
3916 3626 4082 3668 solidos
4097 3638 4162 3670 xv
4180 3633 4420 3679 conponat.

3849 4190 4848 4304 emingffixffffnipiffiffifissffi

3997 4291 4290 4334 MULOERE
4331 4293 4534 4334 CAEsA
4572 4273 4700 4334 1113:ss

4165 4342 4536 4384 CAP1LLATA.

3899 4419 3960 4470 [1]
3987 4418 4035 4460 Si
4053 4420 4159 4479 qai}
4181 4420 4406 4462 mulierem
4431 4419 4778 4480 excapillauerit,
4797 4427 4847 4462 nt

3846 4469 4066 4570 eise
4087 4482 4183 4566 :zzz-
4197 4470 4559 4571 cffiffiffidm.
4591 4470 4654 4512 ²³
4681 4475 4846 4514 ..m

3885 4617 3966 4677 [Β]
3995 4617 4044 4659 Si
4079 4631 4185 4659 uero
4221 4618 4382 4660 uittam
4417 4632 4544 4660 suani
4577 4618 4760 4660 soluerit
4795 4625 4844 4664 ut

3845 4667 4036 4718 (capillis
4063 4668 4107 4708 in
4135 4681 4190 4710 ca
4223 4669 4356 4718 ulam,
4391 4670 4522 4717 corr.)
4557 4669 4708 4720 capilli
4741 4682 4842 4710 sca-

3842 4719 3994 4768 pulam
4033 4731 4159 4760 suam
4215 4719 4431 4770 tangieut,
4469 4719 4601 4770 corr.)
4639 4725 4842 4772 tangant,

3843 4779 3936 4808 xxx
3952 4766 4035 4810 sol.
4053 4769 4172 4820 culp.
4191 4768 4282 4810 iud.

3896 4865 3965 4916 [8]
3994 4865 4040 4908 Si
4059 4866 4164 4926 qm}
4181 4879 4333 4907 seruus
4354 4865 4583 4926 mulierem
4606 4865 4842 4917 ingenuam

3843 4923 4108 4967 percusserit
4121 4922 4199 4957 aut
4213 4917 4562 4967 excapillauerit,
4574 4922 4654 4957 aut
4666 4930 4844 4959 manum

3843 4965 4001 5017 perdat
4019 4973 4096 5007 aut
4113 4966 4227 5008 sold.
4247 4966 4404 5008 reddat
4423 4967 4538 5016 (sic).

3896 5064 3967 5115 [4]
3994 5063 4042 5105 Si
4068 5063 4173 5124 quis
4205 5063 4430 5105 mulierem
4465 5063 4706 5124 ingenuam
4741 5077 4842 5115 pre-

3843 5121 4054 5165 gnantem
4079 5128 4122 5154 iri
4151 5123 4348 5155 uentrem
4367 5121 4446 5154 aut
4465 5127 4508 5154 in
4527 5128 4644 5154 renis
4662 5127 4841 5165 percus-

3844 5164 3949 5204 serit
3984 5164 4150 5214 (pigno,
4185 5165 4315 5212 corr.)
4349 5177 4496 5215 pvgiio
4540 5171 4618 5205 aut
4658 5165 4844 5205 calicem

3843 5215 3956 5263 (sic),
3989 5221 4033 5254 et
4069 5214 4110 5254 ei
4143 5225 4278 5264 pecus
4313 5227 4402 5254 nou
4437 5215 4730 5273 excutiam-et
4765 5214 4845 5256 illa

3840 5262 4674 5365 {5'032‘332'23505225522153‘333fl”²⁸¹
4705 5275 4846 5317 ‘²³⁹⁸‘

3892 5461 3960 5512 [ὅ]
3996 5461 4044 5502 Si
4078 5462 4183 5514 quis
4215 5474 4324 5503 uero
4357 5475 4495 5514 pecus
4529 5463 4684 5504 mortis
4720 5475 4836 5504 mor·

3840 5516 3964 5553 tuum
3984 5513 4081 5561 (sic)
4100 5512 4341 5554 excusserit
4363 5513 4420 5564 ei,
4439 5519 4484 5554 et
4511 5513 4610 5565 ipsa
4633 5514 4841 5566 euaserit,

3839 5561 3882 5602 ei
3899 5573 3956 5604 nc
3973 5563 4056 5602 sol.
4075 5562 4194 5614 culp.
4213 5562 4306 5603 iud.

3891 5659 3961 5710 [8]
3997 5659 4044 5702 Si
4079 5673 4186 5701 uero
4221 5660 4318 5711 ipsa
4351 5661 4510 5702 mulier
4543 5667 4726 5713 propter
4753 5661 4840 5704 hoe

3839 5717 4014 5752 mortua
4029 5710 4176 5760 fuerit,
4195 5722 4332 5753 ncocc
4349 5712 4433 5752 sol.
4453 5717 4694 5762 conponat.

3889 5809 3956 5858 [7]
3985 5808 4032 5850 Si
4057 5822 4164 5850 nero
4187 5810 4343 5850 mulier
4367 5809 4442 5861 qui
4469 5815 4642 5850 mortua
4666 5810 4740 5850 est
4756 5823 4842 5862 pro

3837 5858 3988 5910 aliqua
4022 5871 4160 5900 causa
4193 5861 4236 5900 in
4272 5861 4410 5902 uerbo
4441 5860 4558 5911 regis
4587 5860 4722 5902 inissa
4753 5862 4840 5910 est,

3836 5915 3933 5950 Mcc
3949 5909 4033 5950 sol.
4052 5911 4172 5961 culp.

3888 6061 3957 6111 [8]
3985 6061 4034 6102 Si
4069 6074 4176 6102 uero
4211 6057 4355 6101 infans
4421 6059 4542 6100 uella
4574 6059 4646 6100 est
4676 6071 4836 6101 excus-

3835 6111 3960 6164 situr,
3979 6111 4068 6153 duo
4084 6112 4206 6153 inille
4221 6121 4326 6154 occe
4343 6123 4394 6152 so
4415 6141 4426 6152 .
4445 6115 4736 6224 conponat&⁸
