5350 6892
2256 556 2555 601 ExTRAvA
2560 556 2913 600 GANTIA—B.

470 642 4694 688 ——-—-—-——————-———————-—————--

2538 925 2641 972 B-

928 1103 1062 1145 From
1079 1099 1195 1143 Cod.
1214 1111 1261 1150 33
1282 1099 1421 1150 (saec.
1438 1098 1501 1148 X)
1519 1095 1571 1138 of
1582 1095 1659 1138 the
1676 1093 1876 1147 Chapter
1892 1100 1941 1136 at
1956 1091 2103 1136 Ivrea.
2154 1091 2199 1134 It
2226 1103 2319 1134 was
2348 1089 2443 1134 first
2472 1089 2708 1143 published
2723 1089 2782 1142 by
2797 1087 2902 1132 Am.
2921 1085 3095 1141 Peyron
3113 1085 3158 1128 in
3174 1086 3252 1128 the
3267 1083 3488 1128 Memorie
3503 1082 3624 1126 della
3641 1082 3703 1124 R.
3721 1079 3994 1124 Accademia
4011 1077 4130 1120 delle
4145 1076 4319 1120 sciente
4335 1075 4380 1117 di

775 1173 957 1223 Torino,
978 1173 1091 1224 1846,
1108 1185 1155 1224 p.
1175 1184 1248 1222 129
1264 1182 1362 1222 sqq.
1378 1182 1391 1219 ς
1418 1165 1675 1210 afterwards
1694 1163 1823 1216 (from
1843 1163 2055 1216 Peyron’s
2072 1164 2183 1213 text)
2198 1162 2257 1216 by
2273 1162 2449 1204 Merkel
2466 1161 2576 1213 (Lex
2593 1161 2688 1203 Sal.
2704 1175 2750 1213 p.
2769 1161 2835 1212 99)
2853 1159 2944 1202 and
2961 1157 3168 1200 Boretius
3187 1157 3248 1208 (in
3265 1153 3510 1198 Behrend's
3529 1153 3620 1194 Lex
3638 1151 3805 1201 Salica,
3822 1164 3867 1203 p.
3889 1151 3996 1200 ιω).

484 1317 4682 1359 -.—..-—--—-—-———-—-—————————-—-——-——-----—-·

1140 1506 1179 1545 1.

528 1628 595 1670 Si·
620 1626 721 1679 quis
763 1625 957 1678 aliquem
995 1621 1055 1665 ad
1094 1620 1319 1664 servitium
1360 1617 1625 1668 mallaverit,
1668 1622 1715 1659 et
1756 1617 1835 1659 ille

478 1697 689 1740 uuadium
707 1695 876 1738 dederit
896 1699 941 1736 et
959 1693 1259 1734 fideiussorem
1282 1689 1494 1742 posuerit,
1513 1693 1563 1730 nt
1586 1686 1829 1729 anthmallo

476 1767 698 1820 legitimos
712 1767 777 1817 (·),
802 1765 847 1806 in
874 1762 1023 1816 patria
1047 1762 1105 1803 de
1130 1775 1219 1814 qua
1244 1765 1328 1810 est,
1346 1763 1482 1800 testes
1508 1771 1588 1800 sue
1612 1755 1830 1799 libertatis

478 1837 586 1880 dare
616 1836 795 1885 debeat,
824 1833 964 1876 faciat
998 1837 1105 1873 tunc
1141 1843 1305 1880 comes,
1347 1827 1393 1870 in
1429 1828 1554 1870 cuius
1590 1825 1831 1879 [presentia

479 1907 681 1951 mallatio
709 1906 834 1949 facta
864 1911 949 1955 est,
981 1903 1094 1945 duas
1128 1901 1341 1954 epistolas
1376 1899 1484 1950 uno]
1504 1899 1557 1948 (b)
1588 1903 1756 1946 tenore,
1784 1901 1830 1938 et

480 1991 613 2021 unam
638 1977 804 2019 habeat
830 1975 907 2017 ille
932 1973 1008 2026 qui
1035 1971 1208 2021 mallat,
1226 1970 1415 2012 alteram
1441 1967 1629 2010 similem
1653 1966 1731 2008 ille
1755 1964 1830 2017 qui

478 2048 703 2091 mallatur.

528 2115 750 2159 Veniente
773 2114 925 2166 itaque
943 2111 1021 2154 illo
1041 2111 1115 2163 qni
1133 2109 1343 2152 mallatus
1366 2111 1437 2149 est
1457 2105 1519 2148 ad
1542 2104 1829 2148 constitutum

480 2201 582 2230 cnm
616 2185 708 2228 suis
743 2182 1155 2231 sacramentalibus,
1183 2181 1221 2222 si
1256 2180 1351 2231 ipse
1385 2178 1461 2230 qui
1496 2189 1595 2218 eum
1632 2173 1832 2216 mallavit

478 2254 682 2305 defuerit,
694 2253 833 2296 faciat
850 2264 1014 2300 comes,
1029 2250 1073 2292 in
1092 2249 1217 2290 cuins
1232 2245 1501 2299 presentiam
1514 2244 1609 2294 ipse
1622 2241 1832 2284 mallatus

480 2320 673 2370 advenit,
687 2319 937 2371 epistolam,
952 2323 998 2359 et
1015 2329 1116 2357 cum
1129 2313 1316 2356 testibus
1334 2311 1394 2352 ad
1410 2309 1688 2352 mallatorem
1704 2321 1831 2349 suum

480 2393 647 2443 redeat,
676 2396 723 2433 et
752 2390 915 2432 iectum
930 2389 979 2440 (·)
1008 2387 1065 2429 de
1092 2399 1155 2429 xv
1180 2385 1335 2427 solidis
1360 2383 1401 2424 ei
1427 2382 1519 2432 det,
1546 2381 1621 2433 qui
1646 2379 1705 2422 ad
1731 2382 1829 2432 pla-

479 2462 615 2504 citum
636 2474 726 2503 non
754 2459 873 2501 venit
902 2457 1206 2506 constitutum,
1234 2461 1281 2498 et
1308 2452 1521 2506 placitum
1546 2451 1589 2492 ei
1612 2455 1831 2502 proponat

479 2530 617 2574 aliud.
669 2531 729 2572 Et
755 2529 793 2571 si
818 2529 976 2570 iterum
995 2526 1054 2569 ad
1070 2526 1285 2578 placitum
1311 2523 1599 2566 constitutum
1622 2521 1833 2564 mallator

480 2602 628 2644 venire
652 2599 889 2649 distulerit,
916 2599 1075 2641 iterum
1102 2597 1179 2638 det
1208 2595 1372 2637 iectum
1400 2593 1457 2636 de
1481 2605 1545 2635 xv
1572 2591 1751 2642 solidis;
1784 2597 1831 2633 et

478 2671 628 2715 mittat
640 2673 852 2713 mallatus
867 2669 1045 2711 tertium
1066 2666 1357 2708 constitutum
1370 2663 1608 2712 mallatori,
1622 2668 1671 2704 ut
1683 2663 1832 2704 veniat

479 2740 541 2784 ad
564 2747 703 2783 testes
729 2737 1045 2791 recipiendum.
1107 2735 1167 2776 Et
1200 2735 1239 2776 si
1266 2734 1425 2774 iterum
1449 2733 1659 2774 mallator
1682 2731 1833 2772 venire

482 2811 715 2861 distulerit,
746 2809 821 2851 det
856 2809 1041 2850 mallato
1075 2807 1239 2848 iectum
1266 2804 1350 2845 sol.
1379 2814 1457 2853 xv,
1487 2809 1532 2843 et
1557 2801 1696 2844 faciat
1724 2807 1831 2842 tnnc

480 2897 631 2927 comes
652 2882 855 2924 notitiam
873 2893 973 2921 cum
994 2876 1289 2930 raginbnrgiis
1306 2879 1351 2916 et
1370 2874 1555 2916 testibus
1568 2874 1638 2924 (⁴¹),
1690 2872 1750 2913 Et
1767 2872 1831 2913 sic

480 2955 576 3007 ipse
608 2953 683 3006 qui
706 2953 917 2994 mallatus
944 2949 1005 2992 ad
1029 2948 1253 2990 servitium
1276 2946 1375 2996 fuit,
1394 2945 1451 2988 ab
1468 2945 1553 2986 hoc
1571 2944 1645 2986 die
1660 2944 1772 2986 liber
1788 2947 1833 2984 et

481 3025 697 3076 ingenuus
714 3019 867 3072 vadat,
885 3035 969 3062 nec
987 3020 1044 3062 sit
1062 3018 1288 3061 causatori
1308 3017 1401 3058 ulla
1424 3016 1617 3058 facultas
1643 3013 1832 3068 amplius

480 3091 731 3144 requirendi
750 3103 851 3132 eum
868 3088 929 3130 ad
944 3086 1185 3130 servitium.

520 3183 564 3226 (·)
594 3183 720 3222 soum.
744 3183 789 3216 R„
806 3191 841 3216 u.
859 3181 944 3216 Ger.
960 3180 1060 3214 Vexf.
1079 3181 1167 3222 (316)
1181 3178 1302 3213 would
1323 3176 1413 3212 read
1433 3178 1611 3220 hemma.
1674 3175 1719 3219 (δ)
1747 3177 1831 3213 Tine

478 3233 600 3269 words
618 3235 789 3268 between
810 3233 851 3274 [1
870 3233 965 3266 bave
984 3231 1081 3266 been
1100 3229 1271 3273 supplied
1291 3229 1341 3271 by
1364 3229 1519 3270 Peyron.
1534 3229 1598 3262 the
1622 3227 1701 3263 MS.
1718 3228 1831 3271 being

478 3283 637 3326 'egible
656 3282 695 3316 in
715 3283 821 3316 these
842 3286 954 3324 parta
1044 3279 1085 3320 (Ἴ
1114 3279 1171 3314 cf.
1196 3279 1321 3318 soum.
1344 3277 1393 3313 R.
1416 3287 1452 3313 u.
1475 3277 1563 3312 Ger.
1587 3278 1649 3319 ²⁶9
1669 3283 1757 3312 note
1775 3280 1828 3320 9⁶·

477 3330 524 3372 (ἢ
544 3330 1049 3372 CtSohm,R.u.Ge1·-ffls.

529 3707 577 3750 Si
590 3708 641 3758 (⁸)
681 3683 779 3760 qtiis
822 3705 1063 3759 quemlibet
1104 3705 1351 3747 mallaverit
1394 3704 1455 3746 ad
1476 3705 1737 3756 'servitiurm
1780 3711 1831 3748 ut

478 3777 679 3830 superius
696 3776 863 3818 dictum
882 3782 965 3824 est,
984 3773 1060 3827 qui
1085 3775 1130 3816 in
1157 3775 1249 3816 alia
1273 3775 1453 3826 regione
1478 3774 1561 3816 fuit
1586 3782 1733 3826 natus,
1752 3780 1830 3817 aut

477 3850 613 3902 longe
635 3847 751 3890 insta
774 3847 935 3899 patria,
953 3849 999 3888 et
1022 3846 1101 3887 ille
1124 3845 1234 3887 dicit
1258 3843 1378 3898 quod
1403 3845 1539 3897 ipsius
1564 3858 1715 3886 servus
1739 3857 1829 3886 non

478 3919 552 3969 sit,
586 3923 633 3960 et
666 3931 793 3960 snam
828 3917 1077 3958 libertatem
1103 3915 1147 3956 in
1173 3928 1253 3956 suo
1288 3914 1535 3956 antbmallo
1567 3920 1830 3966 proportare

478 3988 634 4041 possit,
658 3993 766 4030 tune
792 4000 941 4029 comes
961 3985 1101 4028 faciat
1116 3985 1239 4027 illum
1258 3984 1367 4026 dare
1382 3983 1593 4026 uuadium
1618 3984 1679 4025 ad
1703 3997 1830 4026 suam

478 4057 729 4100 libertatem
753 4055 1116 4108 proportandam.
1168 4053 1227 4095 Et
1252 4053 1289 4095 si
1316 4053 1393 4095 ille
1409 4053 1567 4096 dixerit
1583 4054 1702 4106 quod
1718 4052 1827 4096 fide-

478 4128 690 4169 iussorem
706 4126 871 4168 habere
888 4138 977 4166 non
994 4125 1151 4176 possit,
1177 4123 1329 4166 tradat
1346 4136 1447 4165 eum
1465 4137 1614 4165 comes
1633 4125 1677 4165 in
1696 4137 1830 4166 manu

480 4194 742 4243 mallatoris,
778 4199 829 4235 nt
866 4206 967 4234 eum
1002 4193 1127 4232 salva
1160 4191 1365 4232 custodia
1394 4191 1581 4233 inlesum
1614 4191 1751 4233 ducat
1785 4193 1831 4234 in

478 4264 726 4306 anthmallo
752 4275 832 4305 suo
862 4261 923 4304 ad
948 4274 1074 4302 suam
1092 4261 1341 4302 libertatem
1358 4259 1721 4312 proportandam.
1772 4261 1831 4303 Et

478 4334 517 4375 si
534 4347 589 4376 ex
604 4339 793 4386 paterna
810 4331 1074 4384 genealogia
1091 4329 1314 4380 mallatur,
1334 4329 1542 4372 adhibeat
1560 4344 1613 4372 ex
1630 4339 1833 4373 materna

478 4403 691 4456 progenie
722 4401 929 4454 [septem]
966 4405 1103 4442 testes
1134 4400 1210 4452 qui
1237 4399 1523 4452 proximiores
1550 4406 1668 4450 sunt,
1702 4405 1747 4443 et
1778 4414 1833 4443 ex

479 4481 669 4528 paterna
698 4477 922 4525 quattuor,
959 4475 1003 4512 et
1029 4470 1094 4511 sic
1120 4483 1170 4511 se
1195 4469 1408 4520 id[oneet.
1474 4470 1608 4522 Quod
1636 4470 1675 4512 si
1707 4471 1832 4521 vJero

480 4559 535 4587 ex
565 4550 768 4597 materna
792 4542 1005 4595 progenie
1030 4541 1253 4592 mallatur‚
1278 4547 1447 4594 septem
1477 4542 1651 4593 [testes]
1684 4543 1830 4594 proxi-

480 4615 640 4657 miores
658 4613 867 4655 adhibeat
894 4613 965 4663 [ex
991 4612 1213 4663 paternaJ,
1240 4618 1287 4652 et
1311 4617 1523 4662 quattuor
1550 4625 1604 4653 ex
1634 4618 1834 4655 materna

478 4683 707 4736 progenie,
722 4682 849 4724 etsie
866 4695 993 4723 suam
1009 4681 1258 4722 libertatem
1274 4681 1545 4732 proport[et;
1572 4681 1637 4723 ita
1654 4694 1707 4722 ex
1724 4682 1835 4734 una

479 4759 610 4806 parte
637 4753 843 4796 mundior
868 4756 951 4800 est,
980 4765 1035 4792 ex
1060 4751 1157 4802 ipsa
1175 4757 1305 4801 parte
1320 4751 1419 4803 plus
1438 4751 1562 4792 dabit
1579 4757 1733 4793 testes.
1785 4751 1833 4794 Si

479 4829 631 4865 antem
672 4822 807 4872 tal[es
840 4826 1077 4873 postquam
1108 4820 1398 4872 projduxerit,
1438 4820 1560 4863 dicat
1606 4822 1682 4874 qui
1732 4835 1832 4865 eum

478 4892 755 4936 ammanavit
784 4905 872 4932 non
902 4891 1068 4942 recipio
1088 4889 1194 4930 istos
1214 4895 1367 4941 testes,
1385 4891 1511 4943 qn[ia
1526 4891 1832 4943 proximiores]

478 4961 632 5011 habeo,
663 4960 739 5012 qui
769 4960 848 5001 tibi
876 4959 1029 5001 dicant
1064 4959 1378 5009 testimonium,
1411 4965 1458 5001 et
1493 4960 1531 5001 si
1566 4960 1642 5002 ille
1675 4961 1833 5002 dixerit

480 5029 585 5081 quia
604 5042 691 5069 non
712 5028 875 5078 [habeo
894 5027 1007 5068 alios
1025 5027 1183 5077 testes]
1208 5039 1341 5078 quam
1366 5026 1491 5076 istos,
1517 5033 1625 5068 tunc
1653 5027 1729 5068 ille
1757 5027 1833 5080 qni

479 5111 581 5140 eum
624 5096 897 5139 ammallavit
941 5095 1017 5137 det
1060 5101 1218 5136 contra
1255 5095 1379 5137 illum
1415 5095 1722 5146 [teetimania,
1757 5095 1833 5148 qui

480 5169 658 5221 sapiant
682 5181 783 5210 eum
800 5167 1133 5220 propinquiores
1149 5166 1313 5208 habere
1330 5179 1441 5219 quos
1458 5167 1518 5210 ad
1534 5169 1833 5210 testimonium

481 5236 737 5288 [dicendum
764 5237 975 5278 adducat.
1028 5235 1088 5277 Et
1118 5236 1155 5277 si
1184 5235 1277 5286 ille]
1309 5236 1383 5288 qui
1408 5237 1617 5279 mallatus
1644 5243 1713 5280 est
1743 5251 1832 5280 non

482 5309 577 5350 vult
612 5321 663 5350 se
699 5307 983 5356 concredere,
1026 5306 1103 5348 det
1153 5307 1193 5348 ei
1238 5321 1431 5359 qu....
1461 5339 1471 5348 .
1502 5337 1514 5350 .

486 5407 775 5420 .........
797 5377 885 5419 nde
918 5377 998 5418 illa
1030 5377 1128 5418 iura
1161 5384 1309 5419 tamen
1345 5383 1391 5420 et
1424 5378 1489 5420 sic
1525 5392 1605 5432 per
1635 5393 1833 5431 pugnam

482 5445 709 5488 contenda
740 5477 751 5488 .
787 5479 797 5488 .
833 5475 844 5488 .
877 5474 890 5487 .
921 5475 933 5488 .
963 5477 974 5488 .
1003 5477 1015 5488 .
1087 5476 1099 5489 .
1261 5449 1672 5492 ........talia
1704 5451 1829 5492 teeti-

484 5514 635 5558 monia
650 5519 807 5558 contra
824 5515 949 5558 illum
968 5514 1077 5558 dare
1101 5527 1189 5558 non
1208 5515 1401 5568 potuerit
1422 5544 1833 5559 .............

1913 1520 2185 1538 .........
2204 1495 2281 1538 det
2314 1496 2583 1548 propinquos
2616 1495 2828 1538 mallatus
2861 1503 2972 1545 quos
3009 1490 3160 1533 habet.
3211 1489 3261 1531 Si

1912 1572 2061 1606 autem
2079 1579 2155 1607 eos
2176 1591 2950 1608 ........................
2969 1561 3178 1604 mallatus
3192 1568 3260 1601 est

1912 1635 2045 1676 alicui
2070 1635 2241 1688 aliquid
2264 1635 2481 1685 tribuerit,
2506 1636 2577 1676 vel
2603 1633 2772 1686 premia
2790 1632 2962 1674 dederit
2982 1658 3259 1673 .........

1914 1735 2456 1749 .................
2474 1705 2604 1746 cuius
2622 1717 2776 1746 servus
2795 1702 2980 1744 effectus
2999 1705 3083 1744 est.

1949 1801 1993 1843 (·)
2014 1801 2071 1837 Cf.
2089 1801 2213 1842 Solam.
2230 1803 2276 1838 R.
2293 1811 2328 1838 u.
2344 1801 2429 1838 Ger.
2446 1802 2546 1837 vers.
2564 1803 2633 1845 3¹⁶.

1958 2139 2007 2182 Si
2026 2140 2185 2194 aliquis
2202 2146 2373 2184 cartam
2390 2141 2549 2184 falsam
2567 2139 2901 2191 adclamaverit,
2920 2145 2966 2182 et
2982 2153 3082 2182 am
3098 2139 3258 2182 falsam

1906 2210 1984 2252 ille
2015 2210 2165 2254 facere
2193 2212 2472 2264 [contendat]
2508 2213 2583 2264 qui
2618 2211 2742 2254 illam
2777 2211 2935 2252 falsam
2973 2211 3258 2260 adclamavit,

1908 2282 2091 2333 prebeat
2118 2283 2226 2334 ipse,
2248 2283 2321 2324 cui
2351 2282 2467 2324 falsa
2492 2283 2615 2324 dicta
2630 2283 2729 2332 fuit,
2752 2281 2986 2323 duodecim
3003 2293 3256 2322 sacramen-

1910 2354 2038 2404 tales,
2056 2359 2101 2395 et
2119 2353 2213 2406 ipse
2229 2354 2287 2396 sit
2304 2354 2674 2404 tertiusdecimus,
2693 2353 2770 2406 qui
2795 2353 2928 2395 iurati
2952 2351 3120 2394 faciant
3137 2352 3260 2393 illam

1909 2422 2099 2472 bonam;
2125 2429 2172 2464 et
2198 2423 2263 2464 sic
2294 2436 2343 2465 se
2373 2423 2451 2465 ille
2479 2421 2722 2464 concredat
2745 2421 2821 2474 qui
2837 2435 2936 2463 eam
2953 2420 3063 2462 dixit
3081 2420 3259 2471 [falsam

1910 2494 2043 2544 esse]-

2562 2747 2611 2786 ί.

1961 2843 2010 2885 Si
2034 2844 2193 2896 aliquis
2218 2849 2389 2886 cartam
2414 2855 2541 2886 suam
2558 2844 2603 2885 in
2620 2843 2758 2886 mallo
2775 2842 3022 2892 adduxerit,
3041 2847 3086 2884 et
3103 2841 3262 2895 aliquis

1910 2914 2034 2956 illam
2062 2914 2220 2956 dixerit
2247 2914 2407 2956 falsam
2433 2927 2546 2964 esse,
2574 2920 2621 2956 et
2649 2914 2726 2955 ille
2753 2914 2826 2956 cui
2856 2919 2984 2955 carta
3008 2919 3076 2954 est
3104 2912 3263 2955 dixerit

1911 2999 2011 3028 eam
2030 2986 2171 3037 magis
2190 2998 2289 3027 esse
2304 2985 2482 3034 bonam,
2494 2997 2627 3036 quam
2644 2982 2820 3032 falsam,
2839 2989 2885 3024 et
2901 2983 2992 3030 ille,
3010 2981 3086 3034 qui
3102 2981 3262 3023 falsam

1913 3059 2240 3111 [estiJmauen-it,
2282 3058 2444 3100 subula
2480 3058 2633 3100 statim
2668 3055 3020 3105 transforavorit‚
3051 3055 3261 3097 adhibeat

1910 3136 2069 3173 contra
2096 3141 2449 3181 unumquemque
2475 3132 2635 3169 testem
2662 3139 2718 3168 ex
2741 3138 2807 3168 vn
2833 3125 3034 3176 testibus,
3062 3125 3136 3177 qui
3163 3139 3261 3167 eam

1911 3197 2209 3247 firmaverunt,
2244 3209 2310 3238 vn
2344 3202 2497 3246 testes,
2532 3196 2607 3248 qui
2631 3195 2744 3238 finnt
2768 3196 2945 3237 insimul
2971 3196 3188 3246 vam(·),
3217 3201 3262 3236 et

1910 3266 1975 3307 sic
2010 3265 2143 3307 iurati
2174 3264 2335 3307 filsam
2364 3265 2488 3306 illam
2521 3264 2707 3306 faciant.
2759 3264 2808 3306 Si
2837 3269 2988 3306 autem
3013 3265 3104 3314 ille,
3136 3263 3262 3306 cuius

1912 3341 2040 3376 carta
2066 3338 2149 3383 est,
2181 3347 2231 3375 se
2256 3332 2523 3374 concredere
2548 3333 2754 3383 noluerit,
2774 3345 2886 3374 unus
2904 3347 2960 3375 ex
2975 3345 3042 3375 vu
3057 3333 3261 3384 testibus,

1910 3403 1986 3456 qui
2011 3417 2112 3445 eam
2136 3402 2434 3453 firmaverunt,
2469 3407 2515 3444 et
2550 3416 2665 3444 unus
2697 3417 2753 3444 ex
2778 3403 2882 3455 illis,
2910 3403 2986 3456 qui
3015 3416 3114 3446 eam
3139 3415 3262 3445 ream

1909 3471 2127 3520 dixerunt,
2143 3483 2223 3522 per
2238 3483 2433 3523 pugnam
2450 3471 2738 3515 contendant.

1950 3570 1995 3614 (·)
2014 3572 2086 3614 leg.
2103 3575 2275 3610 xnvxm.

1960 3913 2015 3956 In
2042 3913 2144 3968 lege
2170 3914 2311 3956 salica
2342 3925 2409 3955 xn
2437 3912 2653 3955 iuratores
2677 3925 2777 3955 esse
2799 3911 2987 3962 debent3
3015 3912 3080 3955 ita
3107 3917 3262 3954 tenent

1910 3984 2087 4026 Franci.
2138 3983 2236 4025 Nos
2269 3989 2419 4025 tamen
2453 3983 2498 4024 in
2533 3982 2671 4024 Italia
2701 3989 2884 4035 propter
2913 3982 3188 4024 Hludouuici
3217 3989 3261 4025 et

1910 4053 2112 4096 Lotharii
2144 4052 2393 4106 capitulare
2422 4067 2523 4095 cum
2552 4066 2635 4095 sua
2664 4065 2800 4095 manu
2833 4053 3036 4104 septima.
3105 4052 3262 4094 Testes

1910 4131 2062 4166 autem
2087 4137 2154 4167 vu
2184 4130 2343 4166 contra
2370 4125 2591 4166 Francum
2618 4125 2722 4166 sint.
2773 4123 2936 4166 Franci
2954 4124 3141 4176 [autem]
3159 4129 3262 4176 post

1910 4200 2047 4238 testes
2064 4208 2153 4238 non
2170 4195 2405 4238 adfirmant
2422 4200 2763 4238 sacramentum.

1962 4543 2205 4594 Postquam
2222 4547 2371 4584 autem
2394 4540 2569 4583 debitor
2594 4541 2804 4583 uuadium
2829 4540 3000 4583 dederit
3025 4541 3137 4582 liber
3163 4541 3262 4592 erit,

1913 4613 1951 4654 si
1960 4611 2192 4655 fideiussor
2202 4611 2399 4661 moritur,
2416 4617 2599 4663 propter
2608 4612 2818 4653 uuadium
2829 4610 2948 4663 quod
2958 4611 3103 4653 emisit
3121 4611 3165 4652 in
3183 4611 3260 4653 de·

1912 4683 2071 4724 bitore.
2123 4681 2181 4723 Et
2200 4683 2237 4722 si
2254 4682 2399 4723 vivent
2413 4683 2559 4732 ambo,
2578 4682 2700 4734 quod
2711 4681 2948 4734 spopondit
2959 4683 3034 4735 qui
3053 4683 3261 4725 uuadium

1913 4750 2035 4792 dedit
2051 4749 2144 4792 det.
2196 4751 2255 4792 Et
2273 4751 2310 4792 si
2327 4751 2461 4792 domo
2472 4751 2521 4802 (·)
2553 4764 2641 4792 non
2671 4751 2765 4802 dat,
2791 4751 3023 4793 fideiussor
3048 4758 3262 4804 quantum

1912 4823 2151 4875 spopondit
2181 4836 2263 4874 pro
2296 4824 2505 4875 neglectu
2542 4823 2754 4866 debitoris
2794 4824 2893 4875 det:
2937 4824 2976 4865 si
3017 4836 3122 4874 non,
3156 4836 3261 4876 pro-

1912 4893 2053 4936 iectos
2064 4894 2117 4945 (Β)
2136 4899 2361 4946 conponat
2378 4905 2443 4937 xv
2457 4895 2639 4944 solidos,
2657 4901 2704 4936 et
2721 4907 2856 4947 supra
2871 4895 2992 4947 quod
3009 4895 3261 4947 spopondit.

1952 4989 1996 5032 (·)
2018 4991 2143 5030 Sohrn.
2162 4991 2263 5026 Proc.
2280 5001 2353 5033 224.
2367 5001 2547 5035 proposes
2560 4997 2600 5027 to
2618 4997 2762 5027 correct
2784 4993 2904 5028 homo.
2948 4990 2994 5034 (¹²)
3015 4993 3140 5032 solun.
3158 4993 3259 5029 Proc.

1914 5051 1985 5085 195,
2000 5052 2179 5085 proposes
2200 5049 2238 5076 to
2260 5044 2349 5078 read
2364 5048 2438 5085 pm
2460 5045 2586 5082 ἐτι-ηις,
2601 5043 2668 5076 but
2683 5043 2720 5076 in
2734 5043 2790 5076 his
2807 5043 2851 5078 R.
2869 5053 2903 5078 u.
2921 5043 3005 5078 Ger.
3023 5043 3123 5078 Verl'.
3142 5045 3202 5087 ¹⁶⁹
3215 5045 3263 5078 be

1911 5094 2037 5128 thinks
2050 5093 2078 5127 it
2090 5093 2223 5128 should
2238 5092 2367 5136 bepro
2379 5095 2476 5134 acto.
2493 5091 2551 5128 Le.
2577 5095 2651 5127 “us
2664 5092 2814 5127 ceam.-

2568 5351 2613 5391 ⁷.

1962 5447 2087 5489 Nihil
2102 5447 2235 5488 homo
2260 5447 2473 5490 stercbire
2496 5447 2628 5490 debet
2653 5448 2737 5490 nisi
2755 5448 2874 5501 quod
2891 5447 2932 5490 ei
2949 5461 3003 5490 ex
3018 5447 3265 5490 hereditate

1912 5517 2048 5560 venit.
2115 5517 2243 5560 Alias
2288 5517 2411 5569 [vero
2444 5518 2549 5569 resJ,
2586 5531 2697 5570 quas
2741 5519 2939 5561 Francus
2983 5519 3176 5571 adquirit
3211 5533 3266 5561 ex

3332 1486 3508 1528 Franco
3531 1485 3724 1536 homine,
3741 1489 3787 1526 et
3811 1483 3889 1526 ille
3912 1482 4036 1524 vivus
4061 1487 4131 1524 eet
4155 1480 4231 1534 qui
4254 1478 4420 1529 vendit,
4451 1478 4582 1522 debet
4609 1478 4684 1520 ille

3331 1556 3460 1606 alins,
3479 1556 3554 1608 qui
3577 1568 3632 1597 ex
3655 1568 3710 1596 eo
3734 1553 4022 1606 comparavit,
4049 1551 4240 1604 probare
4263 1549 4370 1603 quia
4395 1549 4441 1590 in
4467 1563 4551 1592 sua
4575 1561 4679 1600 pro·

3329 1627 3522 1679 prietate
3545 1625 3739 1668 habebat
3773 1637 3828 1666 eo
3862 1623 3936 1665 die
3961 1623 4062 1664 illas
4089 1634 4160 1664 ree
4187 1619 4366 1673 quando
4395 1619 4461 1661 illi
4486 1617 4683 1660 vendidit

3331 1694 3485 1747 quieto
3509 1693 3677 1742 ordine,
3703 1698 3750 1734 et
3773 1699 3932 1745 postea
3956 1690 4054 1733 dari
4079 1695 4216 1732 testes
4242 1693 4400 1730 contra
4425 1687 4571 1728 istum.
4623 1687 4682 1729 Et

3331 1765 3370 1806 si
3405 1765 3482 1806 ille
3513 1769 3714 1806 mortuus
3747 1767 3832 1813 est,
3867 1761 3943 1814 qui
3969 1759 4181 1810 vendidit,
4207 1757 4341 1800 debet
4364 1755 4554 1810 probare
4579 1757 4683 1809 quia

3332 1834 3410 1877 illo
3435 1834 3508 1876 die
3537 1832 3717 1886 quando
3741 1833 3825 1875 sibi
3841 1831 4040 1874 vendidit
4057 1831 4120 1882 [in
4137 1830 4238 1880 sua]
4257 1828 4530 1881 proprietate
4543 1827 4679 1869 habe·

3331 1904 3411 1945 bat
3440 1903 3590 1955 quieto
3618 1902 3786 1953 ordine,
3817 1907 3864 1944 et
3890 1907 4090 1943 mortuus
4123 1905 4207 1951 est,
4241 1905 4288 1942 et
4323 1911 4412 1942 non
4441 1897 4574 1940 debet
4608 1896 4684 1939 ille

3333 1974 3484 2026 [alios]
3502 1979 3639 2017 testes
3656 1972 3766 2016 dare
3781 1985 3914 2025 super
3929 1972 4065 2025 ipsius
4081 1975 4233 2013 testes.

3382 2347 3554 2390 Contra
3582 2359 3711 2388 suum
3737 2350 3887 2398 caput,
3906 2350 3950 2387 et
3967 2349 4128 2387 contra
4143 2357 4270 2387 suam
4285 2342 4576 2386 hereditatem
4593 2356 4680 2385 non

3331 2415 3464 2459 debet
3479 2416 3612 2458 homo
3629 2415 3835 2468 accipere
3850 2420 4003 2457 testes.

3384 2771 3433 2816 Si
3467 2771 3773 2826 quadrupedia
3812 2770 4060 2814 domestica
4101 2771 4296 2823 aliquam
4337 2767 4526 2812 bestiam
4560 2771 4682 2811 occi-

3334 2843 3492 2892 derint,
3536 2842 3644 2884 nihil
3685 2842 3790 2884 inde
3831 2839 4185 2893 respondendnm
4230 2846 4312 2890 est.
4373 2853 4456 2882 nec
4516 2839 4684 2892 aliquid

3333 2911 3672 2962 emendandum,
3714 2915 3902 2963 excepto
3944 2909 4171 2952 dominum
4217 2909 4475 2951 occiderint.
4552 2909 4611 2950 Et
4645 2910 4686 2951 si

3334 2982 3536 3024 caballus
3559 2981 3742 3022 herbam
3767 2980 3950 3023 alterius
3975 2979 4160 3032 paverit,
4188 2978 4296 3021 nibil
4331 2978 4684 3032 respondendum

3333 3052 3431 3101 erit,
3459 3064 3543 3092 nec
3571 3050 3878 3093 includendus.
3929 3051 4002 3092 De
4019 3050 4118 3092 aliis
4136 3049 4399 3092 animalibus
4417 3049 4538 3102 quod
4552 3053 4620 3092 ent
4639 3049 4683 3091 in

3333 3123 3434 3175 lege
3451 3122 3604 3166 Salica
3619 3123 3815 3165 solvetur
3831 3121 3952 3175 quod
3967 3122 4255 3174 neglexerint.

3975 3384 4052 3424 10.

3384 3482 3458 3525 De
3472 3481 3681 3524 benefitio
3697 3493 3786 3524 non
3804 3479 3936 3523 debet
3953 3481 4130 3522 trahere
4151 3484 4396 3530 auctorem,
4414 3479 4499 3521 nisi
4516 3479 4554 3521 si
4570 3481 4684 3522 mal-

3333 3553 3453 3594 latus
3493 3551 3641 3594 fuerit.
3692 3551 3826 3605 Quod
3869 3551 3945 3602 [si]
3981 3564 4068 3593 non
4104 3551 4224 3593 malo
4257 3549 4412 3592 ordine
4445 3549 4685 3598 introisset.

3333 3619 3466 3662 debet
3491 3621 3640 3662 iurare
3663 3619 3786 3672 qnod
3809 3631 3892 3661 nec
3917 3620 4036 3661 malo
4063 3618 4217 3662 ordine
4231 3619 4302 3662 vel
4319 3631 4404 3661 sua
4419 3618 4688 3660 auctoritate

3332 3687 3550 3740 intro[ivit
3566 3689 3664 3739 aut]
3683 3686 3890 3730 benefitio
3907 3687 4119 3738 hab[nit].

3972 3949 4079 4000 ιι,

3381 4047 3427 4089 N
3429 4061 3486 4089 on
3513 4052 3660 4100 potest
3690 4047 3821 4089 homo
3847 4046 4055 4099 migrare,
4081 4045 4166 4089 nisi
4189 4045 4450 4098 convicinis..
4469 4053 4515 4091 et
4531 4045 4683 4096 herba,

3331 4124 3376 4160 et
3395 4131 3572 4170 aquam,
3589 4125 3636 4161 et
3651 4118 3726 4160 via
3745 4146 3921 4161 ......

3972 4377 4044 4418 12.

3383 4473 3432 4516 Si
3457 4471 3616 4526 aliquis
3641 4473 3797 4516 mallat
3820 4472 4043 4515 bominem
4066 4473 4124 4517 de
4149 4481 4428 4526 quacumque
4451 4483 4604 4523 causa,
4639 4477 4686 4514 et

3331 4541 3455 4594 dicit,
3473 4544 3592 4586 malo
3609 4542 3784 4593 or[dine
3800 4542 3960 4594 fecisti,
3979 4543 4344 4594 sacramentJales
4371 4545 4508 4584 testes
4525 4538 4685 4592 habeo,

3331 4627 3420 4655 non
3462 4613 3596 4656 debet
3636 4618 3796 4654 contra
3831 4613 3997 4655 malum
4035 4613 4232 4655 ordinem
4269 4619 4315 4654 et
4350 4616 4510 4654 contra
4546 4618 4685 4654 testes

3332 4681 3416 4724 insi
3436 4710 4077 4726 ....................
4096 4683 4204 4724 atim
4231 4681 4290 4724 ad
4315 4695 4685 4734 unamquamque.

3332 4752 3392 4794 Et
3416 4752 3456 4794 si
3489 4752 3532 4793 ei
3557 4751 3726 4804 aliquid
3755 4751 3978 4804 quesierit,
3997 4757 4042 4793 et
4068 4753 4187 4794 malo
4206 4779 4684 4795 ...............

3335 4852 3512 4865 ......
3529 4827 3668 4864 testes
3704 4822 3869 4864 habere
3912 4821 4085 4874 dixerit,
4129 4822 4366 4865 tacendum
4392 4821 4491 4864 erit.
4545 4822 4604 4864 Et
4645 4823 4684 4864 si

3331 4907 3434 4935 eum
3449 4893 3692 4935 secundum
3710 4894 3855 4944 legem
3871 4896 3920 4934 te
3947 4919 4457 4936 ................
4475 4891 4552 4944 qui
4569 4893 4680 4934 mal-

3331 4963 3449 5005 latus
3475 4968 3544 5005 est
3559 4961 3828 5015 respondere
3844 4962 4049 5013 noluerit,
4067 4961 4144 5004 ille
4161 4961 4232 5004 cui
4249 4961 4516 5013 respondere
4534 4961 4685 5004 debuit

3336 5062 3662 5084 ...........
3681 5033 3787 5086 quia
3812 5032 3990 5074 retinuit
4015 5045 4144 5074 suum
4162 5045 4434 5083 responsum,
4453 5036 4498 5073 et
4516 5031 4554 5072 si
4572 5044 4679 5073 con-

3332 5102 3476 5144 victus
3508 5101 3640 5143 suerit
3674 5115 3776 5143 cum
3809 5113 3874 5142 xv
3905 5099 4036 5142 solid.
4071 5099 4291 5143 emendet.
4343 5099 4498 5152 [Quod
4521 5099 4560 5140 si
4585 5099 4683 5151 quis

3333 5171 3511 5222 mJallat
3553 5171 3706 5222 alium,
3749 5177 3796 5212 et
3837 5171 3946 5213 dicit
3988 5171 4109 5213 malo
4150 5170 4306 5213 ordine
4346 5170 4472 5212 illum
4514 5169 4683 5222 aliquid

3333 5241 3506 5291 fecisse,
3533 5247 3580 5284 et
3609 5242 3686 5284 ille
3712 5241 3822 5283 dicit
3851 5240 3956 5283 deto
3976 5269 4252 5283 .........
4279 5252 4336 5280 on
4361 5244 4510 5292 potest
4525 5245 4686 5292 postea

3335 5311 3394 5353 ad
3409 5317 3546 5354 testes
3564 5310 3722 5353 redire.
3774 5311 4052 5363 Quicumque
4069 5323 4219 5352 servus
4235 5309 4454 5362 fugetivus
4475 5337 4684 5353 .......

3337 5410 3580 5424 ........
3598 5394 3682 5423 sua
3698 5394 3834 5423 manu
3850 5380 4040 5433 septima
4049 5379 4252 5422 dominus
4269 5379 4364 5422 eins
4383 5380 4424 5422 ei
4441 5379 4684 5432 conprobet

3337 5452 3410 5494 ubi
3435 5464 3535 5494 eum
3553 5450 3768 5493 invenerit
3787 5479 4095 5494 ..........
4111 5449 4195 5493 fuit
4211 5449 4318 5502 quia
4334 5449 4392 5492 de
4407 5463 4490 5492 suo
4506 5449 4685 5492 servitio

3333 5519 3463 5572 fugit.

4513 6031 4586 6070 ⁴²1
